2616 3982
281 383 372 454 Unde
386 384 421 450 l⁰
433 385 469 450 ln
482 389 796 454 contractuoncrosn
805 381 940 458 cuilibet
949 385 1153 470 contrahenti
1166 410 1214 454 ac·

238 489 375 576 quiritur
383 487 439 575 jus
449 501 479 554 ct
494 487 670 574 imponitur
682 485 850 572 obligatio.
1121 541 1123 546 .

282 597 319 660 2⁰
331 595 390 662 lus
404 607 436 662 et
445 593 598 679 obligatio
608 591 767 682 cujusque
783 594 1136 676 contrchcntisdcbcnt
1145 619 1212 666 esse

236 705 402 770 moraliter
421 701 569 790 nequalia.
599 702 665 785 Qui
689 701 777 771 onim
797 697 1064 790 plusneciperpt,
1085 705 1209 774 nullum

233 811 367 877 liaberet
383 807 511 884 titulum
527 807 707 892 legitimum
724 807 1013 896 adpossidcndum
1030 831 1209 890 eumenum.

233 916 265 981 Si
280 933 377 1000 quem
395 913 540 993 heberet,
558 913 608 980 vel
621 914 863 981 concessionem
875 914 1060 1000 gratuitam,
1073 917 1126 984 uel
1143 935 1212 983 con·

234 1018 413 1084 cessionem
446 1037 631 1086 onerosam.
651 1021 773 1101 Porro,
795 1041 860 1088 non
877 1017 1123 1088 concessionem
1141 1041 1212 1108 grc-

234 1125 365 1192 tultam:
378 1126 541 1216 siquidem
552 1125 822 1196 contrchcncnon
839 1125 977 1194 intendit
991 1126 1111 1195 donare
1123 1147 1132 1206 ;
1144 1147 1208 1192 non

234 1232 476 1300 concessionem
492 1251 684 1300 onerosam:
702 1235 776 1298 oum
792 1229 825 1298 in
846 1229 1058 1298 concessione
1073 1239 1208 1298 onerose

237 1337 374 1424 quisque
394 1338 728 1406 conceditrem-sunm
753 1335 814 1420 sub
836 1352 936 1408 onere
957 1335 1118 1422 aequalem
1135 1337 1209 1402 acci-

234 1443 543 1532 piendiacomparte
555 1447 625 1510 sud.
644 1439 735 1508 Unde
748 1459 897 1508 excessus
914 1440 1136 1509 restituendus
1155 1456 1209 1510 cst.
1257 1461 1262 1467 ·

137 1627 143 1636 .
278 1551 315 1614 ln
325 1551 540 1622 contractibus
551 1549 730 1627 alemoniis,
740 1547 776 1613 id
788 1559 847 1628 est,
864 1548 896 1614 in
908 1547 1126 1615 contractibus
1137 1569 1211 1635 quo

195 1643 200 1647 ’
233 1675 306 1720 rum
332 1655 462 1722 effectus
482 1655 592 1742 quodd
613 1655 703 1722 lucra
725 1654 902 1738 ecdurum,
928 1672 966 1720 cx
992 1665 1082 1760 parte
1098 1655 1214 1720 utrius-

233 1770 367 1844 queant
390 1752 509 1828 saltem
523 1759 708 1826 alterutrius
731 1759 851 1860 pendet
865 1757 905 1824 ab
930 1771 1048 1826 eventu
1069 1757 1212 1837 incerto;

232 1863 397 1949 aequalitas
414 1861 566 1950 requisito
588 1885 652 1930 non
670 1874 718 1932 est
733 1853 898 1952 aequalitas
919 1863 984 1934 rei
992 1881 1157 1938 concessae
1176 1867 1215 1932 nd

232 1989 300 2035 rem
311 1981 486 2056 acceptam,
502 1969 561 2036 scd
577 1970 744 2058 aequalitas
755 1971 823 2059 spei
839 1971 893 2038 ad
893 1990 996 2059 spem,
1009 1971 1215 2039 attentisom-

234 2069 329 2137 nibus
345 2071 604 2140 circumstantiis.

235 2177 434 2266 Principia
460 2179 622 2265 generalia
646 2179 687 2248 do
713 2180 856 2269 materie
861 2139 1105 2270 contractuum
1128 2180 1217 2300 Juxta

233 2257 381 2350 naturam
406 2285 578 2372 specialem
600 2285 850 2353 conventionum
876 2265 1120 2366 modificata,
1085 2309 1121 2359 sn
1141 2287 1217 2375 ipsis
1300 2339 1301 2348 ,

233 2389 400 2478 adjiciatur
420 2391 614 2480 principium
633 2388 826 2478 aequalitatis
848 2411 1005 2476 onerum,
1029 2387 1217 2482 sufficerent

233 2497 553 2573 solvendisomnibus
570 2495 802 2582 quaestionibus
812 2495 873 2567 ad
864 2505 1058 2590 contractus
1062 2489 1217 2564 onerosos

147 2591 151 2600 “
233 2601 507 2690 spectantibus,
481 2625 507 2669 sn
519 2601 662 2668 solnm
641 2623 699 2688 yut
718 2605 871 2679 naturale
886 2585 1120 2672 ostenderetur.
1136 2603 1215 2670 (lum
1300 2619 1301 2680 ζ

234 2720 340 2775 autem
355 2712 405 2775 leci
417 2704 525 2774 civilis
540 2709 642 2776 multa
662 2720 780 2776 steterat
800 2709 841 2776 dc
854 2706 1053 2800 'quibusdam
1068 2721 1214 2775 controc
1300 2719 1301 2802 ι

234 2815 319 2880 tibus
336 2814 492 2914 onerosis,
511 2813 624 2883 dcillis
640 2800 819 2902 specialiter
841 2816 1018 2900 agendum.
1036 2815 1095 2882 llos
1116 2833 1214 2900 expo·
1300 2815 1301 2822 ’

234 2917 348 2988 neritus
360 2909 450 3006 juxte
466 2918 635 2993 ordinem
627 2941 659 2988 ιιι
670 2921 792 2996 tubelle
797 2921 952 3008 sequenti
957 2921 1169 3010 descriptum.
