2622 3976
583 329 782 398 -teu-

195 471 440 552 restitutionem,
464 471 491 539 si
510 473 672 560 possident
688 471 795 540 odhuo
816 489 885 538 rent
902 471 1053 553 alienam,
1067 473 1123 542 rei
1134 497 1174 544 ex

192 578 397 666 possessione
413 577 515 646 iontus
529 578 571 644 sit
583 577 739 644 dition-
752 576 912 662 Obtigotio
928 597 965 644 ex
981 578 1043 644 beo
1064 582 1170 650 radios

193 683 301 752 oriens
317 683 471 752 limitetur
487 684 593 770 quood
611 683 772 770 objectum
786 683 825 748 nd
837 699 905 750 rem
922 685 1037 770 ipsam,
1050 685 1079 750 si
1090 688 1171 754 exis·-

194 797 239 855 tot
256 812 265 868 ;
284 788 481 856 novatorem
500 796 781 875 representantem
798 787 830 856 id
845 807 913 878 quo
925 803 1094 875 possessor
1110 790 1174 860 ieo-

193 903 245 960 tus
261 903 308 960 est
324 893 430 960 ditior.
442 893 509 959 Non
521 905 647 959 tenetur
663 893 798 981 proinde
811 893 851 960 de
863 892 1082 960 fructibus—
1094 895 1174 962 Res-

196 999 301 1064 titutio
328 997 424 1064 debet
446 997 516 1063 fieri
540 998 800 1087 quamprimitm3
834 1000 866 1064 in
894 997 965 1064 loeo
989 998 1170 1078 debitoris3

192 1103 339 1190 expensis
355 1103 520 1169 creditoris
532 1104 696 1191 3perioulo
711 1104 891 1184 creditoris,
902 1103 1031 1170 duobus
1042 1106 1173 1173 ensibus

191 1208 330 1296 exeeptis
347 1207 479 1288 scilieet,
503 1207 529 1275 si
542 1229 594 1275 res
615 1223 724 1296 perent
740 1205 834 1298 oulpd
854 1209 1021 1290 debitoris,
1034 1211 1061 1276 si
1080 1212 1169 1278 valor

193 1335 261 1383 rem
279 1325 511 1402 representans
527 1312 697 1380 nonsuerit
709 1313 1170 1409 incompensotionemdomni

193 1425 211 1489 b
229 1421 578 1510 oreditorenoeeptntus
595 1419 778 1487 immediate
795 1428 849 1486 eut
862 1419 1013 1486 mediotd.
1057 1412 1059 1420 ’

236 1527 274 1592 10
299 1527 432 1594 Ratione
457 1524 619 1612 injustitiae
649 1525 828 1591 tentoriolis
851 1535 880 1590 et
904 1525 1076 1611 formetis,
1109 1547 1166 1594 seu

146 1687 155 1700 .
191 1631 458 1698 dornnitieotionis
468 1629 644 1698 formaliter
658 1631 783 1718 injustae
800 1629 1021 1697 domniiientor
1038 1643 1167 1698 tenetur

192 1731 502 1812 restituere-rem,
515 1733 541 1799 si
551 1733 661 1800 existet
671 1755 680 1812 ;
691 1766 737 1782 --
753 1731 823 1819 ejus
833 1732 986 1812 valorem,
997 1733 1030 1798 si
1040 1727 1165 1797 res'noo

194 1839 324 1917 eristun
340 1839 405 1906 sive
427 1839 528 1906 iaetus
549 1838 645 1906 inerit
660 1838 767 1919 ditior,
793 1839 859 1906 sive
875 1859 939 1906 non
952 1861 1012 1918 3-
1024 1835 1161 1918 fruetus,

191 1945 329 2034 exeeptis
352 1945 510 2014 fructibus
537 1943 790 2025 industrioiibus,
819 1943 1027 2011 et'sruotibus
1042 1942 1166 2024 mixtis,

192 2057 257 2136 qud
267 2064 357 2138 porte
373 2060 449 2120 sunt
477 2051 697 2129 industrioies;
712 2051 884 2117 -dornna
903 2051 1097 2117 immediato
1111 2059 1170 2117 out

72 2195 76 2202 ·
193 2158 331 2224 mediato
345 2180 353 2236 ;
368 2157 467 2224 modo
480 2157 511 2223 1.
533 2158 653 2223 directe
669 2155 802 2224 exsecto
822 2166 1011 2243 sequnntur,
1032 2155 1065 2222 1.
1085 2177 1170 2244 pree·

193 2268 258 2334 visu
275 2267 404 2347 suerint,
423 2267 472 2334 vel
484 2267 615 2354 proevidi
633 2267 797 2356 potuerint
814 2279 845 2334 et
861 2267 1045 2334 debuerint.
1082 2347 1086 2351 ι

195 2373 198 2381 ’
234 2371 400 2438 Restitutio
433 2372 502 2439 fieri
527 2373 624 2439 debet
643 2373 904 2464 quamprimum
923 2372 954 2438 in
976 2372 1048 2438 loeo
1070 2374 1170 2440 eredi-

193 2475 293 2542 toris·
285 2477 452 2562 ‚expensis
465 2484 496 2544 et
505 2476 649 2567 perreulo
659 2477 825 2559 debitoris,
841 2476 1053 2566 usqnedbrnb
1068 2479 1169 2576 credi

193 2593 262 2647 tore
275 2600 332 2667 per
345 2601 379 2647 se
400 2594 454 2648 out
471 2603 530 2671 per
558 2584 706 2651 nuntium
722 2591 883 2671 acceptato
900 2581 1025 2708 inerit
1017 2604 1049 2648 ro
1079 2569 1168 2650 oom-

192 2687 414 2776 pensationetn
431 2689 554 2756 domni.

239 2795 275 2860 5⁰
296 2795 477 2875 Possessor,
496 2812 554 2862 seu
571 2794 718 2860 detentor
743 2787 847 2860 dttbioe
864 2795 942 2882 fidei
961 2794 1001 2859 od
1031 2790 1113 2859 nibil
1130 2803 1172 2858 te·

155 2959 175 2977 ,
192 2895 306 2980 netur,
318 2921 344 2967 er
335 2899 522 2989 possideat
538 2899 695 2979 libertas;
715 2910 842 2966 tenetur
857 2901 945 2978 verb,
964 2919 993 2964 sr
980 2898 1170 2987 possideat

193 3004 313 3070 lex.-—
330 3003 427 3072 Porro
444 3005 587 3099 possidet
602 3005 652 3072 lex
671 3005 717 3085 1.,
736 3005 762 3071 si
794 3004 941 3072 detentor
957 3004 1084 3087 deteget
1100 3019 1178 3068 rem·

88 3197 91 3200 ,
192 3130 257 3176 non
271 3130 341 3186 esse
358 3129 463 3176 sunm.
479 3109 537 3176 Et
529 3132 560 3176 rn
578 3109 640 3176 hoe
656 3131 731 3177 ceso
749 3113 1041 3205 gradaturtnntinm
1049 3105 1173 3194 obligo·

121 3293 122 3300 ,
191 3207 334 3283 tionibus
351 3215 525 3282 detentoris
541 3213 635 3282 bonee
650 3215 739 3296 fidei,
753 3237 780 3282 sr
772 3217 930 3282 aliunde
934 3201 1171 3318 possessionem

124 3367 125 3370 κ
192 3321 277 3388 bonu
302 3302 366 3388 tide
397 3322 576 3409 incoeperit
604 3322 758 3389 Gravetur
781 3317 889 3389 eutem
914 3311 1068 3388 oneribus
1098 3331 1171 3405 quoe

192 3441 371 3513 sequuntur
388 3443 425 3496 ex
442 3427 594 3515 injustitie
612 3427 768 3497 materiali
785 3423 816 3494 et
832 3426 972 3507 formali,
990 3427 1015 3492 si
1045 3444 1172 3516 posses-

127 3521 130 3526 ’
192 3529 316 3620 sionem
332 3527 414 3599 moiri
433 3547 486 3598 aut
503 3523 602 3600 dubio
619 3533 682 3601 fide
701 3527 879 3622 incoeperit.
889 3532 1037 3599 'Possidet
1053 3529 1103 3596 lex
1119 3530 1169 3608 1.,

181 3635 231 3718 ,⁵32
257 3647 328 3715 post
360 3637 577 3700 detentionem
604 3639 685 3704 nate
703 3652 757 3704 eut
782 3635 888 3704 dobin*
907 3636 1169 3723 fideineoeptor'n,
