2588 4178
657 351 832 416 „np-

297 495 365 572 Sub
382 495 441 562 liic
458 493 636 582 questione
652 493 972 582 conprehendimus,
991 493 1224 580 nansolirnrjns

253 601 387 666 dominii
405 601 436 666 in
453 621 511 678 so3
541 598 715 668 sedetiam
740 599 810 688 ejus
834 600 1028 688 appendices
1055 601 1222 678 naturales,

253 707 397 786 seilicet,
436 705 698 778 alienabiltratenr
719 726 778 794 per
807 719 900 772 notus
935 705 1018 774 inter
1041 707 1149 790 viros,
1173 729 1223 794 per

253 814 529 888 transmissionem
544 813 797 884 hereditariam.
815 811 893 882 inat
909 811 1021 898 triplex
1038 810 1182 898 questio.

299 921 423 1005 Quaest.
444 921 477 986 l·
493 921 605 986 Utrum
613 921 671 1003 jus
684 917 821 988 doctinii
836 917 1088 1014 directissimus·
1103 935 1221 992 errzrott·

252 1028 394 1096 cstst'one
410 1027 472 1094 Dei
482 1026 684 1106 immediato,
698 1047 743 1092 arr
758 1023 927 1094 mediatos
947 1029 951 1035 '

297 1131 423 1220 Duplex
449 1145 497 1200 est
517 1131 626 1220 opinio
642 1154 650 1196 :
666 1167 710 1180 -
725 1131 784 1200 itlii
811 1129 975 1200 affirmant
996 1129 1154 1214 originem
1172 1131 1227 1196 im·

252 1237 424 1307 mediatam
443 1237 576 1306 dominii
593 1238 705 1306 diraeti
725 1235 953 1313 individualis;
982 1235 1022 1302 ad
1040 1235 1123 1302 lianc
1136 1238 1229 1324 expli·

252 1343 411 1414 actionem
428 1342 694 1412 acceduntmulti
707 1342 883 1429 jurisperiti
899 1341 1014 1430 (l).-
1026 1341 1085 1408 tm
1102 1358 1225 1427 regent.

295 1449 320 1516 Ι.
338 1450 431 1518 lutto
448 1449 658 1528 affirmantes,
676 1449 777 1528 Deus,
795 1469 861 1516 non
882 1446 1165 1516 soltimconaessit
1177 1469 1226 1532 ge·

252 1556 321 1622 neri
345 1557 487 1622 humana
516 1555 697 1622 dominium
713 1554 746 1622 in
772 1576 823 1622 res
844 1553 1048 1633 sublunares,
1067 1554 1240 1624 individuo*

251 1661 284 1728 in
301 1681 418 1728 easres
431 1661 485 1744 jos
508 1659 730 1746 occupationis
756 1671 791 1726 et
817 1657 1023 1738 usufructum
1047 1661 1105 1727 sed
1138 1661 1224 1726 etiam

251 1764 388 1834 dominii
403 1764 528 1832 directi.
543 1765 595 1832 Sic
611 1765 820 1832 assertionem
834 1766 982 1853 probant.

298 1870 334 1934 l⁰
349 1869 540 1958 injustitiam
553 1891 617 1939 non
631 1870 726 1938 infert
738 1871 792 1957 qui
809 1872 1222 1959 remitulliosocoupstonm
1277 1877 1278 1946 i

251 1975 427 2046 intentione
443 1998 514 2044 eam
535 1975 673 2044 faciendi
689 1997 793 2044 soant.
813 1977 894 2062 Erga
911 1998 1072 2064 occupans
1090 1978 1223 2066 ‘acnuirit

250 2085 458 2154 concessione
482 2085 589 2152 diuini
613 2083 797 2150 immediate
809 2082 865 2170 jue
881 2085 915 2148 in·
941 2105 1026 2162 eant,
1043 2085 1120 2150 eom
1146 2087 1222 2152 Deos

252 2187 440 2260 immediate
456 2190 612 2258 concedat
636 2191 758 2258 homini
787 2189 896 2276 josia
921 2191 1062 2260 actiones
1091 2209 1166 2278 aute
1177 2191 1223 2278 jos

250 2292 381 2364 alteritas
397 2315 462 2362 non
479 2293 616 2362 indunt:
627 2331 670 2346 -
685 2295 723 2362 2⁰
741 2296 829 2362 Deus
845 2295 1178 2370 immediate-instituit
1193 2315 1223 2360 aa

251 2415 326 2484 qum
343 2413 419 2468 sont
439 2401 549 2484 generi
582 2400 725 2471 humano
741 2401 906 2472 moraliter
930 2401 1111 2468 necessaria
1128 2426 1136 2482 ;
1156 2417 1223 2486 erga

251 2505 436 2582 immediate
461 2506 598 2576 instituit
625 2507 852 2594 proprietatem
876 2507 1088 2588 indiuiduam,
1114 2510 1141 2578 si
1156 2527 1223 2598 pro·

251 2609 801 2696 pristassitmorolitennecessaria.
815 2615 913 2680 Porro
931 2634 982 2680 res
993 2613 1034 2684 irs
1046 2627 1112 2692 est-3
1132 2611 1222 2701 siqui—

251 2714 339 2793 dem,
358 2727 394 2780 ut
408 2721 501 2782 antei
518 2717 669 2796 diximus,
688 2739 727 2783 ex
744 2715 813 2804 ejus
828 2711 972 2786 absentie
984 2720 1156 2824 innumerp
1172 2715 1223 2784 ori·

251 2832 362 2888 rentur
373 2821 469 2901 mala,
479 2819 586 2908 jurgia
596 2823 679 2888 inter
691 2823 789 2903 cives,
806 2824 1011 2908 agriculturae
1023 2826 1220 2912 negligentia,

250 2941 311 2993 etc.
329 2965 374 2978 —
393 2927 426 2994 5⁰
441 2929 529 2996 Deus
546 2929 730 2997 immediate
752 2931 912 2998 concessit
928 2931 1094 2999 indiuiduo
1107 2927 1160 3019 ju's
1176 2950 1223 2994 oc·

250 3035 388 3120 aupandi
412 3055 463 3100 res
484 3019 617 3116 nullius,
637 3037 675 3126 iis
692 3037 856 3104 facultates
872 3055 947 3102 suns
964 3039 1167 3125 spplica'ndi;
1192 3035 1221 3099 iu

250 3136 296 3200 eis
313 3135 448 3220 proinde
463 3139 542 3223 quid
560 3159 655 3203 suum
673 3139 878 3225 deponendi,
896 3161 950 3206 eas
965 3142 1102 3228 proinde
1119 3139 1223 3230 per'pe·

250 3243 307 3302 tuti
323 3239 514 3324 occupandi,
547 3253 578 3306 et
599 3261 711 3306 amnes
727 3242 806 3308 elios
822 3234 1030 3322 excludendi,
1050 3263 1121 3323 seu,
1141 3236 1221 3331 quod

249 3339 336 3406 idem
364 3351 431 3420 est,
460 3359 513 3406 eas
540 3340 677 3411 faciendi
697 3364 790 3425 suns,
814 3345 928 3412 saltem
955 3345 1018 3412 sub
1041 3347 1223 3413 conditione

249 3443 381 3511 laberio.

294 3545 331 3608 ll.
349 3545 506 3616 Secundae
524 3545 683 3640 opinionis
699 3565 872 3622 sectatores
887 3555 1031 3622 trnanimi
1045 3577 1100 3622 ore
1111 3561 1222 3641 nogotii

285 3677 317 3740 ll)
333 3677 384 3732 etr,
399 3681 522 3746 Caruisse,
539 3684 647 3747 virore
660 3690 689 3738 T.
706 3693 729 3752 l,
744 3687 831 3742 mliii.
859 3703 862 3710 ⁴
900 3661 902 3668 Ι
1088 3661 1091 3666 ¹
