2606 3974
464 197 665 264 -tta-

81 339 133 394 lert
147 337 300 393 dominium
319 338 349 394 in
363 339 581 408 praescriptione,
597 342 624 393 et
639 339 806 407 sio-prorsus
820 337 955 393 annihilat
968 340 1060 410 regern

78 425 201 483 divinam
213 423 243 480 'et
256 411 347 494 legem
361 423 576 480 ecclesiasticam
591 441 654 494 quae
669 441 764 481 usuras
778 425 941 496 prohibent.
1015 413 1016 418 ἵ
1050 433 1057 502 ¹.

113 511 184 570 Cum
196 513 257 567 baec
278 511 317 566 ita
339 526 370 567 se
383 511 513 581 habeant,
528 516 623 567 orator
640 511 713 566 intra
735 511 865 581 scriptus,
895 505 1059 568 existimans

78 601 158 654 nullo
167 602 248 669 pacto
262 610 326 654 esse
340 599 446 653 licitum
456 599 589 654 recedere
603 597 755 654 adoctrina
768 597 912 653 Benedicti
920 597 1000 668 xlv,
1009 601 1060 655 de·

77 688 163 755 negat
179 686 385 742 absolutionem
398 686 625 741 sacramentalem
638 678 813 756 presbyteris
825 685 873 755 qui
887 686 1061 741 contendunt

75 773 168 842 legem
190 772 323 843 principis
346 789 407 828 esse
428 773 538 828 titulum
552 772 733 828 sufficientem
754 771 929 842 percipiendi
951 772 1058 843 aliquid

76 862 150 915 ultra
162 863 268 916 sortem
282 861 386 930 absque
401 861 482 916 titulo
496 864 542 917 vel
556 860 627 916 lucri
641 859 776 915 cessantis
796 860 843 914 rel
856 858 952 915 damni
969 873 1062 913 erner-

78 947 182 1016 gentis.
970 965 973 971 ‘

113 1043 209 1110 Quare
223 1042 294 1098 intra
315 1039 433 1113 scriptus
453 1047 546 1098 orator
558 1042 699 1098 humiliter
712 1023 847 1115 supplicat
860 1044 891 1094 ut
917 1040 1061 1110 sequentia
1112 1099 1114 1104 ,

79 1127 165 1184 dubia
184 1129 343 1186 solvantur:

114 1221 144 1278 1⁰
158 1223 256 1280 Utrum
266 1225 354 1294 possit
368 1226 397 1282 in
411 1225 581 1281 conscientia
594 1224 735 1294 denegare
748 1213 750 1219 ’
762 1209 965 1295 absolutionem
980 1213 1060 1293 pres·
1122 1235 1125 1240 ’

78 1309 189 1380 byteris
203 1312 345 1382 praelatist

117 1397 149 1452 2⁰
163 1397 262 1456 Utrum
275 1399 399 1455 debeat?
686 1461 688 1467 Α

122 1495 206 1566 Resp.
230 1493 314 1550 Sacra
334 1493 540 1553 Poenitcntiaria
567 1491 714 1566 diligenter
733 1507 765 1548 ac
788 1493 895 1548 mature
917 1494 1062 1563 perpensis

75 1585 171 1640 dubiis
185 1582 347 1654 propositis,
356 1581 582 1651 respondendum
601 1597 663 1637 esse
676 1582 799 1636 censuit:
813 1575 996 1652 Presbyteros
1028 1581 1065 1635 de

75 1672 181 1742 quibus
195 1670 286 1738 agitur
307 1684 365 1724 non
387 1685 450 1724 esse
470 1669 823 1742 inquietandos,quousque
842 1670 942 1726 Sancta
970 1669 1059 1725 Sedes

74 1753 252 1814 definitivam
279 1755 449 1810 decisionem
463 1749 605 1824 emiserit,.
619 1756 663 1812 cui
676 1757 766 1829 parati
781 1757 836 1812 sint
859 1769 890 1811 se
908 1755 1062 1826 subjicere,

73 1844 203 1912 ideoque
216 1842 284 1898 nihil
298 1843 409 1898 obstare
419 1835 519 1898 'eorum
539 1842 707 1896 absolutioni
729 1843 759 1896 in
782 1842 1063 1898 sacramentoPoeni-

76 1929 191 1984 tentiae.
1002 1950 1004 1958 v

110 2067 229 2124 Novom
251 2055 417 2138 'responsum
429 2065 696 2130 serooueeuarie
708 2069 747 2124 od
758 2074 793 2124 l).
808 2068 930 2124 Duravit
945 2067 985 2140 (n
1009 2084 1061 2122 no-

75 2157 173 2214 vemb.
188 2153 294 2227 1831)..

113 2247 245 2307 consur.
255 2275 290 2292 -
303 2249 347 2304 Ex
360 2263 502 2318 responso
516 2248 608 2304 Saorae
627 2249 842 2306 l’oenitentiariae
864 2251 901 2306 ad
923 2253 1064 2307 oratorem

73 2338 149 2398 inira
162 2335 300 2404 scriptum
310 2335 417 2390 directo
430 2335 480 2390 die
493 2334 527 2393 16
536 2337 703 2404 septembris
721 2335 803 2406 1830,
815 2339 981 2396 absolvendi
994 2342 1060 2392 sunt

74 2419 240 2492 presbyteri
260 2419 500 2490 quicontendunt
519 2415 610 2488 legem
628 2421 763 2490 principis
777 2437 842 2480 esse
862 2423 972 2480 titulum
985 2423 1062 2480 suffi-

74 2512 202 2567 cientem
216 2510 246 2562 et
259 2507 413 2577 legitimum
421 2505 526 2575 aliquid
535 2499 707 2576 percipiendi
720 2507 793 2564 ultra
807 2509 913 2564 sortem
923 2510 952 2564 in
962 2513 1060 2565 mutuo

73 2599 187 2670 absque
216 2593 272 2650 alio
300 2595 381 2650 titulo
405 2609 422 2649 a
446 2594 581 2663 theologis
594 2595 947 2664 communiteradmissio,
971 2597 1063 2654 donec

74 2686 181 2742 &nota
196 2681 286 2739 Sedes
300 2681 469 2741 definitivam
487 2681 657 2736 decisionem
671 2682 805 2751 emiserit,
814 2683 858 2738 cui
871 2683 960 2753 parati
969 2683 1025 2740 sint
1034 2700 1065 2740 se

73 2772 224 2843 subiicere
236 2773 265 2827 et
277 2769 341 2825 huic
355 2784 489 2840 responso
501 2769 645 2825 humiliter
662 2773 690 2825 et
705 2770 826 2824 libenter·
833 2771 995 2842 nequissem

109 2871 264 2929 Attamen,
280 2867 357 2922 salvo
371 2881 458 2922 sacrae
472 2865 689 2924 Poenitentiarie
701 2881 839 2936 responso
858 2867 982 2936 praeleto,
995 2883 1063 2923 con·

74 2951 339 3012 sultis-auctoribus
351 2950 484 3022 probatis,
506 2955 535 3005 et
548 2953 653 3006 attenta
666 2949 790 3006 doctrina
804 2952 929 3009 emnium
951 2953 1066 3008 teress-

71 3038 267 3098 minariorum
280 3033 378 3092 Gallie
388 3051 420 3094 ac
434 3035 800 3105 praesertimfcoremquaea
814 3036 985 3106 presbyteris
995 3051 1065 3092 cen-

73 3125 256 3198 gregationis
278 3123 372 3178 Sancti
389 3123 510 3194 <sulpitii
533 3122 708 3192 diriguntur,
728 3124 867 3179 sententia
892 3137 954 3192 quae
974 3124 1064 3194 rejicit

74 3213 192 3282 titulum
206 3208 278 3277 legis
286 3207 379 3264 civilis
388 3210 519 3276 tanquam
532 3207 755 3275 insufficientem,
769 3208 880 3264 videtur
891 3208 980 3278 longe·
1002 3224 1066 3278 pro-

73 3297 213 3362 babilior,
226 3291 361 3360 securior,
371 3295 401 3345 et
408 3292 467 3346 sola
480 3291 509 3346 in
522 3291 604 3360 praxi
614 3292 745 3359 tenenda,
756 3291 846 3346 donec
859 3292 960 3348 Sancta
979 3292 1066 3348 Sedes

73 3378 241 3436 definierit:
262 3378 432 3446 quapropter
463 3375 592 3432 fidelibus
621 3376 669 3446 qui
689 3391 708 3430 a
734 3391 780 3433 me
798 3377 944 3432 consilinm
966 3379 1067 3446 petunt

78 3468 177 3536 utrum
193 3459 304 3530 possint
318 3457 469 3514 auctarium
492 3459 638 3529 percipere
658 3475 696 3514 ex
717 3464 839 3530 mutuor
852 3461 938 3531 etqui
960 3462 1067 3516 nudum

73 3547 185 3603 habent
197 3540 310 3633 titulum
323 3559 339 3597 a
353 3541 491 3610 theologis
507 3543 693 3598 cummuniter
704 3543 855 3600 admissum
883 3548 986 3614 praeter
1005 3544 1070 3600 utu-

1137 3931 1139 3933 *
1208 3653 1267 3880 l
