2588 4178
621 385 797 458 ..78-

269 535 301 600 i0
318 533 502 600 Thesaurus
521 543 606 600 totus
623 545 671 600 est
686 530 756 620 ejus
777 532 922 618 quicum
939 525 1112 598 iureuit‘iu
1128 551 1201 622 praa
1288 565 1290 610 ι

222 643 290 728 prio
311 641 412 708 stratio
427 663 434 703 :
451 639 599 718 Proinde,
619 652 653 704 ut
675 639 791 725 aliquis
815 638 933 704 habeut
951 636 1006 724 jtts
1033 639 1078 704 ad,
1098 652 1201 706 totuur
1285 681 1286 692 2

222 750 421 825 thesaurum,
434 745 662 831 —requiritur
677 744 707 809 i.
721 746 760 810 Ut
772 745 812 810 sit
825 744 1079 830 proprietarius,
1093 757 1127 810 et
1139 767 1198 810 nou
1287 817 1288 822 γ

222 855 325 920 sathur
352 851 612 918 usuhuet'uarius
637 850 741 930 suarii,
761 850 792 915 iti
813 861 871 929 est,
891 849 939 916 rai
950 849 1128 917 immobilis
1152 851 1201 917 vei
1287 921 1291 930 ,

223 956 351 1026 rrtohiiis
364 959 395 1022 in
408 962 471 1043 qua
481 957 651 1024 thesaurus
667 955 887 1023 ahseonditur.
900 987 945 1006 -··
960 956 1151 1044 Requiritut·
1168 959 1201 1024 ‘h
1290 1027 1292 1040 ,

224 1081 257 1132 ut
277 1067 317 1131 sit
338 1065 479 1131 thesauri
496 1065 664 1131 irruenter:
682 1077 831 1132 censetur
852 1075 961 1130 autera
985 1063 1160 1143 intentor,
1180 1066 1206 1130 si
1288 1109 1292 1152 p

224 1175 410 1239 thesaurum
432 1172 605 1250 detexerit,
626 1172 692 1238 sive
708 1191 746 1236 ex
763 1170 932 1250 industrii,
950 1167 1017 1238 sive
1034 1191 1124 1248 non,
1146 1191 1204 1257 per
1289 1193 1291 1208 ·

224 1300 269 1358 aa,
288 1291 342 1347 aut
358 1299 415 1367 per
429 1279 611 1366 operarium
625 1277 665 1342 ad
677 1275 739 1344 hoe
756 1277 957 1363 deputatum,
973 1274 1123 1362 quamvis
1136 1293 1201 1340 nou

223 1383 482 1472 apprehenderit.
496 1421 539 1432 -
552 1383 584 1450 Si
598 1383 785 1448 thesaurum
802 1381 958 1448 detexerit
973 1403 980 1445 :
997 1379 1029 1446 id
1040 1397 1144 1447 unum
1157 1401 1207 1446 re-

126 1563 129 1568 ,
222 1491 371 1578 quiritur,
391 1512 427 1556 ex
441 1490 607 1575 legeeuirrr
624 1489 794 1554 thesaurus
807 1498 854 1553 est
866 1505 918 1552 res
930 1485 1053 1551 detecta
1074 1484 1206 1552 fortuito

223 1617 297 1664 easu
308 1597 381 1684 (qui
396 1605 441 1660 est
453 1592 672 1679 deeortverte);
683 1631 725 1642 -
734 1613 791 1680 per
801 1613 836 1660 se
848 1615 855 1656 :
868 1592 930 1657 hoe
943 1591 1075 1660 evidens
1086 1605 1207 1670 eat;-

224 1723 280 1787 por
307 1703 406 1766 atium
427 1699 554 1786 :opifex
580 1697 766 1782 designatus
788 1709 836 1764 est
863 1696 988 1762 domiui
1011 1695 1206 1763 iustrumen-

224 1821 290 1869 tuor
304 1827 311 1882 ;
323 1841 366 1851 -
382 1802 447 1870 site
464 1824 501 1868 ex
518 1802 687 1882 industria,
706 1803 771 1869 sive
787 1823 875 1869 aaut
893 1822 967 1868 nam
984 1803 1139 1870 dominus
1151 1802 1205 1891 jus

223 1909 319 1974 hahet
338 1907 480 1974 fodiendi
497 1920 528 1975 et
544 1908 754 1992 inuestigandi
771 1929 840 1974 reut
861 1929 954 1974 suam
968 1930 977 1986 ;
993 1908 1155 1996 proinde·
1168 1930 1206 1974 ex

223 2018 319 2101 supra
336 2014 440 2092 dietis,
459 2035 522 2080 noa
536 2013 763 2081 excluditurab
774 2013 1034 2104 appropriatione
1047 2013 1203 2092 thesauri,

224 2121 369 2208 ‹prtamvis
386 2140 423 2187 ex
436 2121 591 2187 industria
603 2121 776 2207 quaesierit.

169 2293 171 2298 .
267 2229 305 2292 2⁰
318 2229 350 2294 Si
372 2241 480 2295 autern
498 2227 667 2293 thesaurus
687 2227 866 2294 inveniatur
882 2226 914 2292 ia
927 2213 1032 2292 iurtdo
1060 2225 1204 2306 alterius,

225 2333 330 2400 uredia
351 2355 425 2419 pars
451 2333 593 2398 thesauri
616 2333 752 2420 pertinet
775 2317 815 2400 ad
833 2332 1014 2412 dominum,
1047 2351 1106 2400 seu
1132 2350 1207 2420 pro-

224 2440 469 2526 prietariumrer
461 2439 660 2507 immobilis
676 2451 731 2507 aut
753 2438 912 2506 mobilis
904 2459 935 2504 ta
953 2443 1017 2525 qua
1035 2437 1207 2504 abseoodi-

226 2561 288 2626 tur3
308 2546 405 2624 altera
420 2565 493 2634 pars
504 2545 563 2611 ad
555 2557 766 2624 inventorem,
790 2543 889 2609 ruodo
906 2563 944 2609 ex
966 2539 1125 2608 industria
1140 2564 1203 2608 uon

225 2653 398 2740 qtteasiorit,
413 2665 479 2733 aut,
496 2653 521 2718 si
535 2674 572 2718 ax
586 2653 753 2730 industria,
769 2648 891 2718 modo
878 2671 933 2736 pus
947 2649 1102 2714 hahuerit
1118 2671 1203 2736 qrtae·

113 2805 120 2815 ι
223 2761 328 2828 rendi
354 2763 421 2828 lioe
440 2761 571 2830 evitlerts
588 2759 769 2844 astartege
783 2757 896 2846 atejus
916 2756 1129 2844 explicatione
1144 2777 1197 2823 su·

127 2903 130 2906 ·
226 2869 334 2956 pertha
352 2870 506 2956 exposita

227 2976 395 3042 iudei.
416 2969 685 3053 rtsuhwuetutius,
713 2972 836 3039 etiarnsi
867 2991 905 3037 ex
940 2969 1098 3036 industria
1125 2991 1208 3058 quaa-

226 3081 313 3145 sierit
334 3082 546 3148 thesaurum
537 3101 570 3144 tn
589 3077 691 3144 iuudo
708 3077 800 3165 eujus
814 3076 912 3144 habet
923 3074 1168 3142 usufructum
1135 3095 1207 3162 ‚jus

228 3185 324 3250 itoitet
335 3187 375 3250 ad
392 3185 559 3250 dimidiant
572 3184 641 3276 ejus
655 3197 789 3271 partem,
806 3183 881 3270 qttia
895 3183 948 3270 jus
963 3181 1062 3250 hahet
1082 3179 1207 3248 fodien-

227 3292 400 3376 rhagrum
1135 3317 1139 3321 ·

131 3483 133 3492 γ
269 3399 357 3464 lude
391 3397 424 3462 ᾖ.
454 3395 640 3476 Extraueus,
665 3415 701 3462 ex
729 3351 884 3462 industria
906 3415 1056 3515 rpuaereps
1081 3395 1209 3462 thesau-

230 3520 301 3563 rum
318 3503 349 3566 ia
379 3503 479 3568 irratio
501 3503 644 3584 alterius,
665 3501 816 3571 uuiium
805 3524 857 3589 pus
874 3501 1028 3581 habat,
1002 3523 1030 3568 st
1047 3522 1111 3568 nou
1134 3519 1208 3566 ooa-

171 3678 174 3686 ἢ
231 3607 362 3670 cesserit
377 3609 541 3674 dontinus.
566 3609 704 3676 Primam
722 3604 927 3678 medietatem
951 3608 1092 3676 suthem
1111 3607 1208 3674 debet

146 3801 150 3808 .
232 3706 375 3784 horariae,
396 3711 704 3794 qttiarlorniuusest3
725 3714 856 3782 aiteram
870 3727 1014 3799 quoque,
1033 3712 1108 3796 quia
1122 3711 1207 3796 leges
