2588 4178
547 427 727 492 ..pom

193 569 260 636 Sub
278 568 445 658 posteriori
464 579 630 655 respectu,
653 565 886 637 consectarium
904 567 985 636 tituli
1001 575 1049 638 est
1070 595 1135 661 po-

148 689 246 743 testas
259 674 388 742 moralis
405 695 463 762 per
478 673 606 742 titulum
622 685 742 753 ereata3
760 693 834 760 queo
856 686 996 762 potestas
1010 677 1137 744 itardna

148 782 321 849 examinari
347 793 451 869 potest
467 783 578 867 quodsi
592 781 827 860 extensionem,
847 781 957 878 quaid
981 785 1135 852 duratio·

147 909 232 954 nem.
250 878 468 969 Differentiae
456 887 537 974 ruris
555 885 605 952 a'
590 907 666 974 Jure
683 873 744 966 sub
756 886 822 954 hoe
836 871 957 976 duplici
979 905 1134 980 respectu

147 999 164 1060 a
189 1007 305 1064 tenore
327 992 492 1058 titulorum
515 992 668 1080 pendent3
688 993 776 1079 quia,
800 1003 835 1059 ut
862 993 1057 1076 diximus,
1043 998 1138 1084 Jurio

147 1119 299 1167 mensura
323 1111 371 1165 est
386 1097 467 1164 tituli
484 1095 639 1164 extensio.

194 1207 230 1273 1θ
249 1206 365 1288 Qrtorid
375 1205 601 1285 extensionem,
619 1205 676 1272 ius
692 1204 790 1271 dividi
807 1216 911 1293 potest
923 1206 954 1273 in
967 1207 1129 1290 strictum,

147 1325 179 1380 e't
203 1333 267 1378 non
289 1312 497 1378 strietum.·-
514 1311 571 1377 ias
598 1311 744 1378 strictum
764 1323 811 1376 est
826 1308 959 1379 incultas
979 1314 1132 1400 exigendi

146 1420 308 1509 objectum
320 1417 403 1508 juris
421 1418 528 1486 medio
549 1417 772 1497 tribunalium,
792 1417 818 1483 si
841 1418 976 1485 existant
990 1431 1021 1486 et
1034 1421 1074 1486 nd
1087 1439 1130 1487 ea

145 1527 270 1594 reeurri
298 1526 417 1616 possit3
439 1525 625 1605 conatione,
652 1523 678 1590 si
704 1522 875 1591 tribunalia
904 1545 968 1592 non
991 1526 1131 1594 existant

142 1646 198 1699 aut
211 1633 252 1699 ael
265 1654 302 1700 en
319 1632 442 1698 recurri
455 1651 519 1696 non
531 1629 692 1718 possit-
708 1631 767 1698 Jus
777 1651 842 1698 rtort
857 1633 1005 1698 striatam
1018 1636 1131 1720 sprea-

143 1737 271 1804 eedonti
288 1735 418 1802 differt'
410 1757 442 1801 tn
455 1751 494 1801 eo
508 1727 595 1822 quod
612 1755 676 1802 non
690 1735 745 1802 det
760 1722 944 1803 facultatem
961 1738 1129 1826 objectum

143 1840 229 1930 juris
244 1841 351 1908 stricte
368 1840 527 1926 erigendi.
540 1839 605 1930 (De
620 1840 706 1908 hoo'
693 1861 767 1930 June
779 1841 811 1910 in
825 1845 974 1933 praesenti
991 1853 1129 1913 traetatn

145 1967 210 2013 non
226 1939 374 2036 agilum)
1007 1973 1011 1980 ·

190 2052 249 2120 ina
271 2053 418 2121 striatam
441 2071 512 2121 esse
535 2061 638 2141 potest
661 2049 710 2120 rei
738 2039 1057 2134 Administrationis,
1074 2055 1128 2124 vet

146 2157 362 2246 Proprietatis.
380 2195 424 2209 -
439 2158 497 2226 ius
520 2159 815 2228 administrationis
839 2159 894 2225 dat
917 2157 1061 2249 subjecto
1077 2159 1127 2227 ia-

145 2262 297 2330 ouitatem
323 2265 481 2352 quosdam
512 2277 601 2332 aetus
623 2264 849 2336 exercendiue
878 2263 1054 2352 objectum,
1082 2265 1126 2331 ad

146 2369 312 2436 utilitatem
329 2371 473 2437 alterius.
491 2409 535 2421 —-
550 2371 608 2439 ius
622 2370 846 2456 proprietatis,
866 2370 977 2438 utendi
998 2371 1130 2460 objecto

145 2475 183 2541 nd
198 2477 364 2563 proprium
382 2473 603 2544 commodum.

189 2577 464 2668 improprietatis
482 2595 513 2648 et
528 2573 812 2649 administrationis
838 2603 908 2649 esse
930 2567 1064 2670 possunt
1079 2583 1134 2648 aei·

34 2671 61 2780 ,-
144 2707 226 2771 rem,
244 2700 299 2752 out
314 2689 348 2764 irs
370 2709 417 2754 re.
431 2725 474 2736 -
491 2688 548 2755 ius
568 2689 615 2753 ad
632 2707 702 2753 rem
717 2687 772 2754 dat
787 2685 1127 2775 subjeetoiaeultatem

144 2791 292 2877 exigendi
308 2805 344 2859 ut
360 2785 411 2860 res
427 2787 481 2859 iiat
492 2813 563 2860 sua.
582 2793 638 2860 ius
655 2795 689 2861 ia
705 2815 742 2858 re
757 2793 920 2880 objectum
931 2792 1037 2861 reddit
1052 2792 1125 2882 ipso
1218 2849 1225 2858 .

137 2897 227 2978 -iaeta
239 2921 307 2985 rem
321 2899 470 2986 subjecti.
484 2899 675 2976 -Proinde
687 2899 740 2987 jus
753 2900 878 2966 adrem
901 2901 955 2966 dat
978 2897 1126 2988 subjeeto

141 2987 301 3073 nationem
319 3006 536 3074 immediatam
560 3008 593 3073 in
608 2993 795 3096 personam,
815 3007 987 3074 mediatam
1004 3007 1044 3072 ad
1065 3005 1126 3072 ob-

139 3109 275 3195 jectura.
293 3112 350 3179 tus
365 3113 400 3178 ia
422 3134 458 3178 re
479 3113 532 3178 dat
548 3111 706 3178 aetianam
725 3113 944 3180 immediatam
966 3112 1000 3181 in·
1016 3111 1126 3199 objec-

143 3230 226 3280 tum.
816 3211 820 3218 ’

188 3319 472 3414 improprietatis,
495 3340 552 3386 seu
569 3319 716 3402 dominii,
731 3333 835 3409 potest
850 3337 921 3390 esse
944 3321 1126 3412 perfeetum

142 3438 197 3491 aut
210 3417 499 3517 imperfectum-
512 3425 693 3514 Perfectum
709 3429 764 3494 dat
776 3425 922 3514 subjecto
938 3415 1123 3508 iaeuiteitem

144 3531 334 3617 disponendi
352 3531 391 3598 de
414 3551 448 3598 re
475 3545 506 3598 et
530 3532 682 3598 omnibus
706 3532 863 3600 fructibus
896 3533 942 3600 rei
970 3537 1125 3620 tanquam

143 3635 230 3712 suis3
249 3634 466 3722 imperfectum
479 3637 533 3703 dat
551 3635 734 3706 saeuitatem
762 3633 953 3728 disponendi
971 3637 1012 3706 de
1025 3659 1060 3705 re
1071 3637 1128 3704 vel

144 3743 183 3806 de
201 3741 268 3828 ejus
282 3741 498 3806 fructibus—
514 3741 698 3830 Appellatur
710 3745 877 3824 directum,
893 3746 918 3811 si
932 3746 1001 3834 ejus
1019 3745 1126 3831 objce-

145 3861 210 3910 tum
229 3849 266 3913 sit
284 3866 333 3913 res
351 3847 433 3934 ipsa3
450 3847 536 3925 rrtiie,
554 3847 581 3912 si
599 3846 733 3914 fruetus.
