2606 3974
474 243 675 310 -itt-

119 385 172 445 111.
188 385 315 442 Porhaee
337 389 431 441 autem
445 399 620 460 nequaquam
647 384 765 453 negatur
787 399 871 454 posse
894 383 1061 460 quandoque

77 487 139 540 ⁴unu
149 487 213 526 oum
226 471 314 526 mutui
328 473 471 526 eontraotu
483 471 616 540 quosdam
631 471 711 538 alios,
728 473 758 524 ut
772 470 859 538 aiunt,
881 469 983 539 titulos,
1000 487 1064 530 eos-

83 555 207 628 demque
229 558 343 628 ipsimet
356 557 508 616 universim
522 560 626 612 notunae
655 557 743 612 mutui
773 555 893 612 minime·
911 557 1023 612 innatos
1038 563 1067 614 ot
1162 557 1165 562 ’

83 645 260 712 intrinsecos,
274 645 346 700 torte
361 657 538 710 concurrere,
547 641 583 698 ex
598 644 699 713 quibus
705 644 781 713 justu
794 644 909 709 omnino
921 644 1063 712 legitimu-

82 745 140 800 qne
153 747 238 786 causa
251 735 401 802 consurgat
415 731 546 802 quiddam
559 731 677 800 amplius
693 745 777 801 supra
800 734 906 785 sortem
921 747 957 786 ex
969 734 1069 786 mutuo
1179 719 1182 724 Δ

80 818 204 873 debitam
217 817 271 874 rite
285 817 425 887 exigendi.
436 818 532 894 Neque
546 818 613 873 ite'm
627 821 744 885 negatur
759 823 842 886 posse
858 808 1001 872 multoties
1012 834 1063 886 pe-

81 904 192 959 cuniam
211 905 249 960 ab
260 907 427 974 unoquoquo
441 919 529 971 suum,
549 919 600 975 per
613 904 683 958 aiios
697 903 815 960 diversae
828 919 942 973 prorsus
956 906 1065 962 nuturae

82 991 201 1046 amntui
214 996 311 1048 nutum
325 993 493 1060 contractus,
517 991 594 1046 reete
611 990 741 1046 oolloeari
755 990 941 1060 minuendi,
956 991 1015 1048 sive
1027 991 1066 1046 nd

80 1081 236 1145 proventus
259 1078 313 1132 sihi
335 1095 444 1136 annuos
462 1076 688 1148 conquirendos,
717 1076 778 1132 sive
799 1077 932 1132 etiamad
953 1078 1060 1134 licitam

82 1149 265 1218 mercaturam
280 1165 309 1218 et
322 1161 538 1230 negotiationem
553 1159 739 1232 exercendam
752 1157 925 1230 honestaque
939 1161 1076 1220 indidem„

82 1249 161 1303 luera
176 1247 368 1318 percipiendo.

117 1343 168 1397 lv.
179 1342 421 1410 Quemadmodum
431 1345 499 1400 vero
513 1345 542 1398 tn
551 1347 591 1398 tot
599 1344 736 1414 ejusmodi
744 1338 861 1400 diversis
871 1345 1065 1400 contractuum

79 1429 251 1497 generibus,
265 1429 291 1484 si
310 1445 360 1484 sun
382 1432 516 1500 cujusquo
545 1446 602 1482 non
617 1433 746 1489 servetur
760 1430 911 1500 aequulitns,
927 1429 1064 1500 quidquid

80 1516 146 1583 plus
156 1515 389 1584 justoreoipitur,
405 1515 448 1569 sin
462 1517 553 1570 minus
567 1516 603 1572 ad
617 1531 738 1584 usurum,
756 1515 890 1587 (eoquod
904 1531 987 1572 omne
999 1527 1063 1570 'mu-

78 1603 160 1654 tuum
172 1603 230 1654 tum
243 1605 370 1668 apertum
388 1615 471 1670 quam
494 1601 637 1670 palliatum
658 1602 731 1656 nbsit
740 1603 761 1674 )‚
780 1604 809 1656 at
832 1603 908 1657 uerte
927 1603 964 1658 ad
976 1603 1059 1659 oliam

81 1699 180 1740 veram
191 1686 355 1755 injustitiam
368 1686 534 1742 restituendi
549 1704 620 1743 onus
629 1689 734 1757 paritor
743 1689 922 1758 afferentem,
937 1693 1063 1760 spectare
1125 1752 1130 1756 ,

78 1776 255 1841 compertum
269 1777 326 1840 est;
342 1775 380 1830 ita
404 1776 428 1830 si
441 1775 495 1831 rite
516 1775 610 1830 omnin
627 1782 797 1846 peraguntur
811 1783 839 1832 et
852 1780 887 1833 ud
897 1779 1011 1849 justitie
1025 1778 1063 1832 ti·

7 1865 8 1886 ¹
77 1857 159 1910 isram
175 1855 343 1926 exiguntm,-
353 1860 535 1916 dubitandum
549 1877 606 1915 non
620 1865 664 1916 est
678 1863 745 1930 quin
759 1862 906 1931 multiplex
919 1863 948 1918 in
962 1861 1062 1918 iisdem

74 1945 267 1999 oomnuetihus
279 1945 372 2000 licitus
386 1947 486 2002 modus
501 1952 529 2001 et
542 1949 613 2004 sntio
624 1952 752 2017 suppetat
762 1949 884 2005 hnmana
893 1950 1063 2007 oommeroiu
1192 1951 1196 1958 “

77 2035 106 2086 et
117 2032 286 2088 fructuosum
303 2032 392 2101 ipsam
405 2034 623 2102 negotiationem
635 2075 645 2103 ,
657 2037 694 2090 ad
707 2036 848 2105 publicum
861 2037 1041 2092 ¹commodum
1053 2078 1069 2104 ,.

77 2119 265 2174 conservandi
278 2134 310 2172 ao
324 2119 527 2188 frequentandi.
544 2121 626 2175 Absit
645 2123 720 2176 enim
734 2138 751 2176 a
765 2123 988 2178 Christianorum
1001 2123 1061 2178 uni·

75 2204 141 2272 mis,
157 2207 187 2258 ut
210 2221 260 2274 per
283 2219 398 2270 usums,
413 2210 461 2259 unt
475 2207 580 2260 similes
600 2207 707 2262 alienas
722 2209 834 2276 injuiins
852 2209 961 2265 ‘florere
974 2226 1058 2280 posse

75 2291 379 2346 tuemsa.eommeroia
402 2291 579 2356 existiment;
602 2296 785 2347 cumcontra
809 2312 845 2348 ex
863 2295 925 2364 ipso
948 2299 1063 2352 oraculo

74 2377 175 2432 divino
190 2377 341 2444 diseamus,
358 2377 434 2446 quod
456 2378 574 2449 justitia
593 2377 683 2432 elevat
699 2385 818 2447 uuinton,
833 2381 948 2440 miseros
971 2389 1066 2437 antem
1120 2389 1123 2394 ‘

75 2465 150 2532 tacit
161 2463 281 2534 populos
292 2465 446 2534 ponentem.
466 2461 565 2534 (Prov.
582 2461 626 2530 m,
642 2462 704 2534 3i.t

103 2557 148 2618 ¹V.
165 2563 220 2618 Sed
230 2553 459 2630 iiiudaditigenter
472 2560 754 2618 animadvertendum
763 2565 816 2628 est,
827 2563 895 2616 tuiso
903 2563 956 2616 sibi
964 2576 1062 2631 quom·

73 2665 169 2722 quum,
180 2653 208 2704 et
216 2650 329 2704 nonnisi
341 2637 446 2704 temere
456 2664 666 2718 persuasurum,
676 2648 795 2718 reperiri
803 2641 1069 2720 sempenuopraesto·

73 2739 275 2808 ubiqueesse‚
291 2739 337 2792 vel
351 2753 407 2792 une
424 2723 488 2790 eum
509 2723 617 2802 mutuo,
635 2737 731 2790 titulos
745 2736 814 2791 alios
829 2736 987 2806 legitimos,
1004 2740 1060 2804 voi,

73 2827 187 2879 secluso
201 2825 285 2880 etiam
296 2828 408 2892 mutuo,
416 2825 576 2879 contractus
590 2824 660 2882 aiios
671 2824 761 2893 justos
776 2813 896 2893 quorum
909 2813 1060 2880 ¹ueititulo-

73 2921 137 2966 rum
153 2913 201 2966 vet
215 2915 387 2966 contractum
402 2911 544 2980 presidio,
559 2910 1060 2983 quotiescumquepoeunin‚trumen·

73 3002 144 3062 tum,
161 2997 273 3054 aliudve
299 2998 328 3052 id
343 2999 453 3066 genens
467 2999 548 3053 alteri
562 3000 728 3068 cuicumque
738 2998 871 3064 creditur,
888 2999 970 3054 toties
984 3013 1065 3053 sem-¹

72 3086 240 3154 pertineat,
256 3083 410 3140 auctarium
433 3085 618 3156 moderatum,
634 3089 705 3141 uitro
729 3089 834 3141 sortem
854 3085 990 3155 integram
1005 3088 1059 3154 sul-

73 3186 195 3242 vnmque
207 3174 344 3242 renipero.
365 3173 408 3236 ltu
422 3174 446 3227 si
460 3173 522 3244 quis
537 3175 670 3240 senserit,
684 3190 741 3227 non
755 3173 840 3228 modo
855 3173 958 3229 divinis
970 3173 1059 3228 docn-

71 3259 175 3312 mentis
197 3261 225 3314 et
240 3257 385 3314 eutholioae
404 3259 538 3317 Ecclesiae
553 3260 589 3314 dn
604 3275 687 3313 usura
707 3260 877 3330 judicio‚sed
899 3247 965 3329 ipsi
977 3261 1062 3315 etium

72 3345 197 3418 humano
236 3347 377 3420 communi
404 3347 498 3401 sensui
521 3361 553 3400 ae
580 3347 698 3414 naturali
724 3349 825 3406 rationi
853 3349 950 3418 procul
974 3347 1058 3405 dubio

71 3431 273 3500 adversabitur.
288 3433 436 3488 Neminem
446 3434 519 3488 enim
533 3431 562 3487 id
571 3435 669 3508 saitem
683 3433 769 3490 lutere
783 3441 886 3506 potest,
895 3433 970 3506 quod
982 3435 1057 3508 mul-

72 3518 107 3571 tis
122 3519 152 3572 in
165 3520 273 3574 ensibus
285 3521 393 3574 tenetur
408 3519 493 3574 homo
508 3519 627 3590 simplici
649 3533 680 3574 ue
694 3520 770 3576 nudo
785 3524 880 3577 mutuo
901 3524 981 3579 alteri
991 3537 1056 3585 suc-
1159 3520 1166 3531 ’
