2712 4164
133 425 201 491 sine
222 426 345 492 ratione
370 427 576 492 concurreret
599 423 684 492 malo
702 422 880 488 creditoris.
893 423 962 489 Non
978 446 1016 492 ex
1037 428 1106 512 jus·

132 532 216 609 titiu3
250 553 324 598 nam
348 531 510 598 abutendo
538 529 755 606 restitutione,
780 528 920 594 creditor
940 529 1031 596 malo
1047 553 1106 600 suo
1165 541 1167 546 ’

130 635 229 705 libere
242 635 447 707 consentiret.
851 663 852 666 ¹

173 751 265 816 Dixi:
284 779 297 809 r
312 749 521 818 Generaliter.
537 745 792 818 »Debitorenim
802 762 911 837 posset
924 749 1105 826 restituere,

129 856 153 920 si
178 857 318 923 ereditur
342 877 451 923 coram
476 857 691 923 tribunalibus
719 863 903 932 romanam
932 855 1108 920 vindicaret
1147 939 1148 946 ἵ

128 972 181 1026 aut
197 960 414 1027 vindicaturus
431 975 532 1041 esset;
557 961 723 1030 'simelam
749 961 881 1027 relative
894 973 992 1046 grave
1017 960 1106 1027 debi·

126 1081 174 1134 tor
188 1090 226 1135 ex
243 1063 400 1156 dilatione
408 1071 615 1136 restitutionis
627 1071 900 1138 subiturusesset.
1149 1068 1154 1071 ’

170 1181 208 1246 5⁰
225 1183 387 1248 Damnum
404 1183 620 1251 obventurum
634 1184 735 1250 tertiae
747 1181 894 1270 personae
906 1185 920 1246 i

169 1296 206 1360 κ)
220 1296 354 1362 Debitor
366 1307 482 1384 potest,
502 1298 568 1363 imo
585 1317 621 1361 ex
638 1296 792 1362 charitate
809 1307 938 1362 tenetur
949 1317 1013 1362 oon
1036 1318 1102 1364 res·

124 1395 253 1474 tituere,
272 1396 297 1461 si
313 1417 371 1482 per
383 1395 617 1462 restitutionem
634 1395 666 1462 in
684 1395 906 1462 necessitatem
924 1410 1066 1478 gravem
1084 1401 1103 1462 d

122 1497 246 1564 fortiori
264 1509 451 1575 extremam,
470 1497 641 1586 conjiceret
660 1509 821 1586 parentes,
848 1485 994 1576 uxorem,
1019 1496 1104 1565 libes

123 1595 173 1668 ros
194 1623 202 1678 ;
231 1611 274 1678 et,
305 1601 418 1666 meritis
435 1598 523 1666 addit
540 1601 581 1668 D.
599 1601 657 1667 D.
675 1602 817 1668 Houoier
838 1602 893 1682 (ll,
917 1599 1031 1667 iratres
1048 1615 1105 1668 aut

122 1723 263 1782 sorores,
285 1703 461 1790 praesertim
477 1704 502 1769 si
524 1704 586 1769 sint
605 1704 637 1769 in
658 1710 768 1770 tenera
785 1716 877 1770 aetate
894 1717 926 1770 et
947 1703 1008 1768 sibi
1025 1723 1100 1791 pro-

123 1806 231 1871 videre
247 1825 311 1870 non
328 1803 510 1892 possint.—
519 1808 624 1873 Potest
646 1826 710 1872 non
725 1808 894 1874 restituere
910 1829 918 1886 ;
935 1827 1010 1875 nam
1035 1826 1101 1876 cre·

122 1911 206 1976 ditor
221 1897 286 1976 non
304 1923 414 1998 potest
433 1911 665 1978 rationabiliter
693 1912 831 1997 exigere.
835 1912 1059 1981 —Tenetur
1061 1913 1099 1980 ex

122 2011 276 2078 charitate
292 2034 356 2078 non
371 2013 557 2081 restituere.
581 2015 722 2126 alioquin
747 2026 954 2132 concurreret
974 2015 1099 2142 absque

122 2122 245 2188 ratione
261 2122 346 2188 malo
364 2145 508 2192 suorum.

162 2237 201 2300 2⁰
219 2237 339 2324 Potest,
359 2239 426 2303 imo
437 2243 561 2306 tenetur
586 2261 622 2306 ex
629 2235 756 2327 justitie
774 2257 845 2308 non
863 2217 1044 2321 restituere,
1070 2239 1096 2306 si

119 2341 481 2428 creditcrpraerideatur
495 2347 657 2413 abusurus
675 2369 709 2412 re
727 2344 897 2413 restituta
890 2369 922 2412 m
938 2349 1096 2414 damnum

120 2447 216 2550 tertii,
236 2447 294 2513 nist
289 2445 411 2514 adsint
427 2451 565 2518 rationes
582 2452 781 2518 restituendi.
784 2453 938 2517 —Potest
953 2447 1017 2518 non
1035 2449 1096 2517 res·

118 2554 255 2632 tituere;
275 2552 435 2622 creditor
424 2579 509 2624 emm
527 2555 788 2624 irrationabiliter
809 2559 950 2640 exigeret
973 2557 1098 2626 restite·
1163 2556 1166 2560 ’

118 2656 301 2722 tionem-
317 2652 457 2726 Tenetur
484 2681 522 2726 ex
540 2661 672 2744 justitia
696 2681 759 2728 non
788 2661 975 2735 restituere3
1006 2679 1093 2736 nam,

117 2759 191 2824 otim
213 2761 311 2859 possit
338 2761 461 2846 absque
482 2753 641 2843 injustitia
670 2761 904 2824 restitutionem
930 2753 1098 2837 omittere,

118 2883 186 2929 rem
199 2865 398 2930 restituendo
416 2875 622 2940 concurreret
638 2859 756 2946 injuste
779 2861 897 2924 damno
914 2859 1095 2932 creditoris,

15 3035 16 3056 ,
118 2979 151 3030 ut
161 2965 484 3032 vrdebrturrnl‘rl
493 2963 557 3030 Nisi
581 2963 727 3032 adsint...
736 2961 811 3026 luc
828 2960 966 3028 redeunt
982 2981 1096 3052 exeep-

15 3080 17 3146 ξ
118 3070 220 3138 tiones
233 3061 329 3159 supra
347 3073 509 3158 expositae.

169 3185 275 3252 Conse
301 3205 527 3302 corruorensn.
551 3188 688 3252 -Tria
717 3173 880 3300 praecipue
910 3195 1096 3286 controvcr

118 3302 240 3357 tuntur.

150 3547 184 3610 (l)
205 3550 241 3598 lle
255 3547 376 3606 Justmu,
387 3563 411 3610 p.
426 3548 450 3608 ᾖ,
467 3563 492 3611 q.
508 3549 533 3606 ὅ,
548 3554 596 3596 art.
613 3547 645 3597 l'..
