2616 3982
623 253 822 320 ..234-

232 409 304 457 esse
316 383 532 476 personalem,
551 383 686 472 proinde
702 384 742 449 ad
760 383 905 450 haeredes
917 403 983 450 non
997 383 1134 452 transire
1146 407 1156 464 ;
1167 423 1210 434 --

231 495 268 566 2⁰
286 495 452 560 durantem
470 509 565 580 posse
589 487 629 554 nb
655 487 852 574 obligatione
867 488 947 554 solvi
964 509 1021 578 per
1045 488 1209 577 dispensa·

230 600 369 678 tiunom;
388 597 460 675 nisi,
469 594 558 684 juxto
572 593 758 682 opinionem
769 593 1039 676 communiorem,
1049 594 1209 682 juraverit

230 724 265 770 se
282 698 553 790 dispensationem
570 718 634 764 uon
648 695 835 786 petiturum.

278 805 407 890 Quibus
424 803 548 892 positis,

272 907 502 988 Tractandum,
518 905 787 988 utindioavimus‚
800 905 1031 974 dentientibus:
1046 906 1205 994 l⁰quoid

229 1014 425 1102 subjeetum,
438 1014 475 1078 2⁰
488 1013 594 1102 quodd
612 1010 789 1099 objectum,
802 1011 839 1076 3⁰
855 1012 989 1098 quoad
980 1013 1207 1082 rutensitatem.

274 1119 310 1182 ln
321 1129 523 1182 antecessum
537 1128 642 1182 tamen
655 1116 834 1182 notandum
845 1113 976 1182 effeetus
985 1127 1207 1184 contractuum

230 1222 423 1309 generaliter
438 1221 631 1310 mquivnlere
646 1221 756 1306 legum
768 1221 947 1300 edentibus,
966 1225 1041 1289 enm
1059 1233 1200 1288 eontrar-

231 1330 358 1418 tusipse
371 1328 559 1416 aequivalent
572 1323 736 1414 legieujus
749 1325 1086 1414 contrahenteslibere
1105 1327 1204 1394 deter-

233 1437 357 1506 minant
373 1434 639 1505 modificationes.
871 1443 875 1450 '

275 1623 417 1688 Puncrorr
435 1621 459 1686 l.
483 1621 532 1685 De
554 1617 711 1724 Sudjeoto.

276 1751 387 1834 Quaen.
404 1747 575 1834 Quodnam
594 1751 636 1816 rit
652 1748 827 1834 subjeetum
842 1753 1043 1828 contractor,
1058 1771 1201 1836 usnemu

233 1874 315 1940 paros
335 1855 497 1938 producut
512 1853 662 1938 effeetus?

274 1959 371 2042 desp.
391 1957 468 2041 Erga
486 1957 569 2026 duos
584 1958 829 2038 contrahentes,
841 1976 980 2045 quorum
1001 1979 1088 2026 uuus
1103 1953 1204 2049 (dobi-

230 2057 292 2143 tor)
310 2063 444 2146 conten,
463 2062 608 2151 alterque
624 2063 789 2154 (creditor)
806 2076 949 2152 aeeaptat
961 2064 1027 2152 ius.
1305 2153 1306 2156 Ἴ

244 2163 247 2172 “
275 2171 311 2244 ln
328 2171 491 2236 eontrae'tu
509 2171 660 2255 gratuito,
679 2190 763 2236 unus
779 2176 827 2240 est
840 2170 963 2236 tantum
972 2169 1112 2251 debitor,
1127 2189 1205 2238 unus

161 2316 164 2320 -
229 2274 382 2348 creditor.
1041 2263 1044 2268 ⁵
1304 2261 1305 2266 ἵ

251 2376 254 2383 ’
275 2375 310 2446 ln
327 2387 490 2448 contractu
507 2395 615 2447 autem
632 2399 783 2460 oneroso,
796 2379 934 2470 quisque
944 2381 1138 2448 contrahens
1149 2387 1202 2457 est,

230 2482 290 2550 sub
307 2497 454 2573 respectu
472 2497 577 2550 tamen
595 2481 733 2564 diverso,
752 2483 985 2552 debitorsimul
1009 2495 1041 2550 et
1052 2481 1201 2552 creditor.

273 2669 414 2736 Punornu
427 2669 465 2736 ll.
486 2669 535 2733 Do
557 2668 699 2788 Olrjeoto.
806 2745 809 2749 ,

271 2809 299 2872 1
317 2809 366 2872 De
384 2806 515 2892 Objaoto
529 2829 559 2874 m
572 2822 617 2876 st.

272 2906 382 2988 Quaer.
401 2909 702 3004 Quornomsffeotos
714 2909 876 3010 proderat
893 2907 1100 2992 contractos?
1181 2923 1183 2930 “

224 3008 369 3096 ..Resp
387 3013 420 3078 ln
438 3034 556 3098 genere
574 3021 756 3082 contractus
778 3013 961 3083 transmittit
984 3011 1060 3100 jura
1077 3024 1109 3080 et
1125 3023 1206 3086 creat

227 3115 470 3202 obligationem.
487 3117 787 3186 -l'ransmittit
774 3142 870 3208 pura:
886 3116 1104 3206 Siquidem
1091 3129 1206 3209 Jusast

228 3223 410 3304 alienabile,
428 3223 565 3310 proinde
595 3237 699 3310 potest
716 3225 886 3294 transmitti
910 3247 948 3294 no
973 3228 1083 3295 revera
1105 3237 1204 3290 trans·

225 3327 517 3412 vmittitur.--(lraat
531 3323 771 3417 obligationem:
783 3332 941 3420 Jusenim
953 3349 1018 3400 non
1029 3315 1204 3420 coneipitur

227 3431 350 3518 absque
372 3434 567 3520 obligatione
586 3420 786 3524 eorrelativa.

272 3537 430 3621 Obligatie
449 3539 720 3628 triplexdistingui
734 3550 849 3631 potest:
865 3526 1198 3612 ultramontanorum,
