2616 3982
610 207 810 273 -568-

264 349 413 416 Vendiior
442 341 621 437 appellatur
649 348 704 434 qui
731 345 883 414 transfert
915 347 1098 414 dominium
1115 350 1196 428 'rei;

213 466 338 544 emptor
349 461 438 534 vero,
464 455 519 542 qui
533 454 749 542 datpretium.

252 559 347 640 Cum,
360 577 397 626 ex
414 571 473 627 art.
495 559 593 639 1707,
612 579 724 628 omues
745 559 866 644 regulae
882 559 1076 626 venditionis
1093 561 1192 648 appli-

212 667 277 734 cari
300 665 438 733 debeant
454 665 692 752 permutationi,
713 665 772 730 nisi
789 664 1048 731 aliterstatuatar
1068 666 1193 750 alege3
1270 706 1276 724 .

213 772 363 861 expositis
372 771 490 855 regulis
503 771 543 836 de
555 768 751 849 venditione,
765 769 980 840 iudicabimus
998 771 1195 838 differentias

212 880 295 946 inter
305 875 522 942 venditionem
540 867 570 942 et
587 877 855 964 permutationem
869 877 925 956 (l).

257 981 290 1044 1⁰
307 981 355 1044 De
378 979 645 1050 Conditionibne.·

258 1088 285 1153 1.
303 1087 351 1152 De
364 1085 565 1152 inhabilitate
582 1094 807 1174 personarum.

257 1191 410 1258 inhabilis
427 1204 475 1258 est
490 1183 755 1258 ud'vendendum
768 1189 895 1258 debitor
913 1191 1005 1278 eujus
1027 1191 1110 1258 bona
1127 1193 1189 1256 im·

211 1297 342 1366 mobilia
360 1297 421 1364 sub
438 1297 585 1364 custodia
597 1295 710 1363 tradita
728 1308 815 1374 sunt,
836 1299 875 1377 (le
887 1295 978 1376 suini
995 1294 1053 1378 (9).

217 1405 236 1418 ’“
256 1405 330 1471 llaee
347 1403 476 1470 nullitas
494 1401 578 1469 valet
600 1403 632 1468 in
655 1403 724 1468 loro
740 1403 961 1482 conscientiae,
980 1403 1064 1489 quia
1081 1403 1193 1470 nititur

211 1505 281 1594 lege
295 1507 746 1598 proprietatisdeterminativa
763 1507 819 1588 (5).
927 1507 932 1518 ’
1107 1517 1109 1522 ’

256 1615 298 1679 Η.
316 1613 364 1680 De
381 1611 670 1701 indispooibilitate
687 1613 842 1682 materiae.

255 1719 495 1807 indisponibilis
512 1727 571 1798 est,
589 1721 668 1803 jure
687 1720 846 1797 naturali,
865 1719 997 1786 materia
1022 1740 1094 1807 quae
1123 1723 1188 1784 nori

211 1836 260 1892 est
274 1825 376 1910 pretio
399 1823 608 1902 aestimabilis,
628 1845 685 1890 scu
703 1845 776 1910 quae
794 1824 916 1890 nullom
938 1823 1039 1891 habet
1054 1845 1190 1912 propor-

209 1927 331 1994 tionem
346 1946 419 1992 onm
430 1925 617 2012 pecuniam.
635 1945 668 2010 g.
680 1947 731 1992 res
747 1927 932 2016 spiritualis.
950 1925 1191 2014 Indisponibilis

211 2045 272 2112 est,
288 2033 367 2116 jure
383 2030 536 2115 positivo,
549 2032 710 2098 successio
724 2053 870 2120 persone
881 2033 1119 2100 viventislddd
1134 2033 1188 2114 (1).

209 2137 350 2206 —Valet
365 2137 396 2202 in
414 2136 483 2202 loro
497 2138 700 2209 conscientiae
717 2139 787 2206 haec
803 2139 947 2220 nullitas,
965 2140 1026 2204 lata
1038 2151 1087 2205 est
1105 2139 1190 2206 enim
1289 2183 1290 2188 κ

209 2241 328 2310 motivo
342 2244 417 2310 boni
436 2241 569 2330 publici,
589 2265 630 2312 ne
652 2243 774 2310 scilieet
790 2243 939 2312 homines
958 2245 1191 2311 inducerentur

105 2415 109 2422 ,
167 2365 169 2370 ·
208 2348 514 2430 eddesiderondam
529 2350 831 2428 mortemalterius.

254 2457 312 2520 lll.
332 2455 380 2556 De
392 2456 555 2523 voluntate
571 2463 602 2522 et
612 2456 774 2550 voluntate
785 2456 987 2523 convenienti
996 2457 1189 2523 contrahen-

208 2563 305 2643 tiam,
324 2561 505 2654 specialiter
522 2561 563 2626 do
585 2562 714 2627 Formri.

241 2824 274 2890 tl)
288 2825 356 2878 Ans.
371 2824 552 2899 titillantes
566 2823 615 2874 les
626 2829 715 2892 ,annea
729 2823 813 2887 regies
826 2823 964 2888 preserites
979 2837 1044 2888 pour
1053 2825 1081 2876 lc
1091 2829 1185 2884 contrat

206 2908 239 2958 de
253 2914 327 2956 vente
345 2905 654 2978 s'appliquentd’ailleurs
668 2904 835 2970 dl’dchauge.

240 2998 276 3064 (⁹2)
292 2999 326 3048 La
341 2997 422 3061 partie
436 2999 512 3048 saisle
524 3004 635 3063 nepem,
651 3000 665 3048 a
679 3005 794 3062 comptor
808 2999 842 3049 du
851 3000 911 3062 jour
924 2999 956 3050 de
970 3001 995 3050 la
1008 2999 1185 3050 denonciatloo

206 3081 221 3132 it
235 3080 283 3132 elle
294 3079 355 3130 luite
369 3080 530 3142 dolamine,
544 3080 641 3131 alienor
655 3081 692 3131 les
706 3081 866 3150 immeables,
882 3083 897 3131 1
911 3082 986 3145 peine
1000 3081 1032 3132 de
1045 3081 1144 3143 nuilite,
1160 3086 1186 3132 et
1285 3093 1286 3104 ¹

205 3172 265 3210 eoas
275 3160 336 3224 qa’ll
344 3159 396 3210 soit
402 3160 494 3210 besola
507 3159 540 3210 de
547 3161 570 3209 la
582 3158 645 3210 laice
655 3173 807 3224 prononcer.
820 3161 887 3211 dode
901 3162 932 3212 de
939 3159 1085 3223 merome
1098 3161 1184 3220 eicie,

202 3239 336 3290 616666.
408 3251 410 3255 ·
1112 3265 1114 3274 v
1137 3267 1139 3277 -

222 3337 272 3402 '(3)
284 3341 328 3390 lta
339 3340 370 3391 1).
386 3337 511 3402 cornero,
527 3339 565 3391 De
581 3342 728 3402 contrari„
743 3341 775 3390 T:
790 3340 821 3402 11,
837 3351 864 3389 a.
879 3339 939 3390 665.

238 3433 271 3493 (4)
289 3435 353 3484 Ans.
370 3436 443 3484 1666.
459 3435 497 3484 On
510 3449 543 3485 ne
557 3439 618 3498 peut
631 3435 726 3486 vendre
742 3435 766 3486 la
790 3435 947 3486 successim
958 3433 1034 3484 d'une
1057 3445 1181 3499 personne
1283 3423 1284 3484 ζ

205 3509 314 3571 vitante,
323 3513 405 3561 meme
420 3513 505 3592 deson
520 3521 725 3567 consenlemcnt.,

200 3881 206 3888 η
