<?xml version="1.0" encoding="UTF-8"?>
<!DOCTYPE html PUBLIC "-//W3C//DTD XHTML 1.0 Transitional//EN"
    "http://www.w3.org/TR/xhtml1/DTD/xhtml1-transitional.dtd">
<html xmlns="http://www.w3.org/1999/xhtml" xml:lang="en" lang="en">
 <head>
  <title>
</title>
<meta http-equiv="Content-Type" content="text/html;charset=utf-8" />
  <meta name='ocr-system' content='tesseract 3.04.00' />
  <meta name='ocr-capabilities' content='ocr_page ocr_carea ocr_par ocr_line ocrx_word'/>
</head>
<body>
  <div class='ocr_page' id='page_1' title='image "./theologiadogmat00fraigoog_0476.png"; bbox 0 0 2606 3974; ppageno 0'>
   <div class='ocr_carea' id='block_1_1' title="bbox 611 181 810 246">
    <p class='ocr_par' dir='ltr' id='par_1_1' title="bbox 611 181 810 246">
     <span class='ocr_line' id='line_1_1' title="bbox 611 181 810 246; baseline 0 -1"><span class='ocrx_word' id='word_1_1' title='bbox 611 217 655 230; x_wconf 87' lang='lat'>·-</span> <span class='ocrx_word' id='word_1_2' title='bbox 674 181 744 246; x_wconf 74' lang='lat' dir='ltr'>um</span> <span class='ocrx_word' id='word_1_3' title='bbox 767 219 810 230; x_wconf 87' lang='lat'>—-</span> 
     </span>
    </p>
   </div>
   <div class='ocr_carea' id='block_1_2' title="bbox 283 313 1088 471">
    <p class='ocr_par' dir='ltr' id='par_1_2' title="bbox 283 313 1088 471">
     <span class='ocr_line' id='line_1_2' title="bbox 284 313 1085 388; baseline 0.007 -22"><span class='ocrx_word' id='word_1_4' title='bbox 284 313 369 369; x_wconf 76' lang='lat' dir='ltr'>tuitus</span> <span class='ocrx_word' id='word_1_5' title='bbox 382 315 486 384; x_wconf 79' lang='lat' dir='ltr'>absque</span> <span class='ocrx_word' id='word_1_6' title='bbox 499 314 594 370; x_wconf 77' lang='lat' dir='ltr'>animo</span> <span class='ocrx_word' id='word_1_7' title='bbox 607 321 743 372; x_wconf 77' lang='lat' dir='ltr'>conveula</span> <span class='ocrx_word' id='word_1_8' title='bbox 757 319 929 388; x_wconf 80' lang='lat' dir='ltr'>exsequendi</span> <span class='ocrx_word' id='word_1_9' title='bbox 940 319 1085 384; x_wconf 81' lang='lat' dir='ltr'>;—Utrum</span> 
     </span>
     <span class='ocr_line' id='line_1_3' title="bbox 283 399 1088 471; baseline 0.009 -17"><span class='ocrx_word' id='word_1_10' title='bbox 283 399 374 454; x_wconf 82' lang='lat' dir='ltr'>valeat</span> <span class='ocrx_word' id='word_1_11' title='bbox 401 402 558 456; x_wconf 82' lang='lat' dir='ltr'>contractus</span> <span class='ocrx_word' id='word_1_12' title='bbox 585 400 620 456; x_wconf 87' lang='lat' dir='ltr'>de</span> <span class='ocrx_word' id='word_1_13' title='bbox 646 405 761 460; x_wconf 66' lang='lat' dir='ltr'>materie</span> <span class='ocrx_word' id='word_1_14' title='bbox 791 404 1029 471; x_wconf 72' lang='lat' dir='ltr'>irideterminatel;</span> <span class='ocrx_word' id='word_1_15' title='bbox 1053 431 1088 448; x_wconf 55' lang='grc' dir='ltr'>ε-</span> 
     </span>
    </p>
   </div>
   <div class='ocr_carea' id='block_1_3' title="bbox 286 487 1199 647">
    <p class='ocr_par' dir='ltr' id='par_1_3' title="bbox 286 487 1199 647">
     <span class='ocr_line' id='line_1_4' title="bbox 286 487 1090 567; baseline 0.01 -23"><span class='ocrx_word' id='word_1_16' title='bbox 286 487 384 544; x_wconf 84' lang='lat' dir='ltr'>Utrum</span> <span class='ocrx_word' id='word_1_17' title='bbox 398 489 488 543; x_wconf 73' lang='lat' dir='ltr'>valeat</span> <span class='ocrx_word' id='word_1_18' title='bbox 502 492 659 546; x_wconf 84' lang='lat' dir='ltr'>oontruetus</span> <span class='ocrx_word' id='word_1_19' title='bbox 677 493 706 548; x_wconf 89' lang='lat' dir='ltr'>iu</span> <span class='ocrx_word' id='word_1_20' title='bbox 720 509 776 562; x_wconf 88' lang='lat' dir='ltr'>que</span> <span class='ocrx_word' id='word_1_21' title='bbox 790 496 993 554; x_wconf 81' lang='lat' dir='ltr'>contrahentes·</span> <span class='ocrx_word' id='word_1_22' title='bbox 1002 497 1090 567; x_wconf 86' lang='lat' dir='ltr'>stipu-</span> 
     </span>
     <span class='ocr_line' id='line_1_5' title="bbox 286 575 1199 647; baseline 0.011 -19"><span class='ocrx_word' id='word_1_23' title='bbox 286 575 377 628; x_wconf 84' lang='lat' dir='ltr'>lantur</span> <span class='ocrx_word' id='word_1_24' title='bbox 390 575 419 628; x_wconf 91' lang='lat' dir='ltr'>in</span> <span class='ocrx_word' id='word_1_25' title='bbox 436 575 583 630; x_wconf 75' lang='lat' dir='ltr'>utilitatem</span> <span class='ocrx_word' id='word_1_26' title='bbox 598 576 686 630; x_wconf 86' lang='lat' dir='ltr'>tertiae</span> <span class='ocrx_word' id='word_1_27' title='bbox 697 580 848 647; x_wconf 87' lang='lat' dir='ltr'>persouae?</span> <span class='ocrx_word' id='word_1_28' title='bbox 885 619 1086 636; x_wconf 87' lang='grc'><strong>.....</strong></span> <span class='ocrx_word' id='word_1_29' title='bbox 1145 584 1199 638; x_wconf 77' lang='grc'><strong>273</strong></span> 
     </span>
    </p>
   </div>
   <div class='ocr_carea' id='block_1_4' title="bbox 216 662 1259 996">
    <p class='ocr_par' dir='ltr' id='par_1_4' title="bbox 216 662 1259 996">
     <span class='ocr_line' id='line_1_6' title="bbox 216 662 1089 729; baseline 0.008 -11"><span class='ocrx_word' id='word_1_30' title='bbox 216 663 314 718; x_wconf 85' lang='lat' dir='ltr'>Utrum</span> <span class='ocrx_word' id='word_1_31' title='bbox 327 662 417 718; x_wconf 84' lang='lat' dir='ltr'>valeat</span> <span class='ocrx_word' id='word_1_32' title='bbox 439 665 595 718; x_wconf 80' lang='lat' dir='ltr'>contractus</span> <span class='ocrx_word' id='word_1_33' title='bbox 618 678 653 718; x_wconf 82' lang='lat' dir='ltr'>ex</span> <span class='ocrx_word' id='word_1_34' title='bbox 669 679 765 720; x_wconf 88' lang='lat' dir='ltr'>errore</span> <span class='ocrx_word' id='word_1_35' title='bbox 781 681 832 729; x_wconf 90' lang='lat'>;-</span> <span class='ocrx_word' id='word_1_36' title='bbox 852 682 888 721; x_wconf 81' lang='lat' dir='ltr'>ex</span> <span class='ocrx_word' id='word_1_37' title='bbox 903 667 968 722; x_wconf 90' lang='lat' dir='ltr'>dolo</span> <span class='ocrx_word' id='word_1_38' title='bbox 984 689 990 721; x_wconf 76' lang='grc' dir='ltr'>ε</span> <span class='ocrx_word' id='word_1_39' title='bbox 1008 698 1038 709; x_wconf 91' lang='grc'>--</span> <span class='ocrx_word' id='word_1_40' title='bbox 1053 685 1089 725; x_wconf 82' lang='lat' dir='ltr'>ex</span> 
     </span>
     <span class='ocr_line' id='line_1_7' title="bbox 286 748 1259 808; baseline 0.002 -5"><span class='ocrx_word' id='word_1_41' title='bbox 286 751 361 804; x_wconf 86' lang='lat' dir='ltr'>melu</span> <span class='ocrx_word' id='word_1_42' title='bbox 375 748 479 804; x_wconf 85' lang='lat' dir='ltr'>initus?</span> <span class='ocrx_word' id='word_1_43' title='bbox 507 784 1085 807; x_wconf 82' lang='grc'><strong>.............</strong></span> <span class='ocrx_word' id='word_1_44' title='bbox 1143 754 1199 808; x_wconf 83' lang='grc'>275</span> <span class='ocrx_word' id='word_1_45' title='bbox 1257 775 1259 779; x_wconf 95' lang='grc'><strong><em>·</em></strong></span> 
     </span>
     <span class='ocr_line' id='line_1_8' title="bbox 216 835 1089 907; baseline 0 -15"><span class='ocrx_word' id='word_1_46' title='bbox 216 837 312 892; x_wconf 77' lang='lat' dir='ltr'>l&#39;trum</span> <span class='ocrx_word' id='word_1_47' title='bbox 337 838 427 894; x_wconf 81' lang='lat' dir='ltr'>voleat</span> <span class='ocrx_word' id='word_1_48' title='bbox 444 839 602 892; x_wconf 80' lang='lat' dir='ltr'>contractus</span> <span class='ocrx_word' id='word_1_49' title='bbox 615 837 699 892; x_wconf 86' lang='lat' dir='ltr'>initus</span> <span class='ocrx_word' id='word_1_50' title='bbox 713 835 765 891; x_wconf 90' lang='lat' dir='ltr'>sub</span> <span class='ocrx_word' id='word_1_51' title='bbox 786 837 945 892; x_wconf 86' lang='lat' dir='ltr'>conditione</span> <span class='ocrx_word' id='word_1_52' title='bbox 958 838 1089 907; x_wconf 88' lang='lat' dir='ltr'>impossi-</span> 
     </span>
     <span class='ocr_line' id='line_1_9' title="bbox 286 924 1088 996; baseline 0.002 -18"><span class='ocrx_word' id='word_1_53' title='bbox 286 925 335 979; x_wconf 88' lang='lat' dir='ltr'>bili</span> <span class='ocrx_word' id='word_1_54' title='bbox 346 940 352 988; x_wconf 94' lang='lat'>;</span> <span class='ocrx_word' id='word_1_55' title='bbox 362 953 394 965; x_wconf 93' lang='lat'>--</span> <span class='ocrx_word' id='word_1_56' title='bbox 404 925 454 978; x_wconf 89' lang='lat' dir='ltr'>sub</span> <span class='ocrx_word' id='word_1_57' title='bbox 469 925 627 981; x_wconf 86' lang='lat' dir='ltr'>conditione</span> <span class='ocrx_word' id='word_1_58' title='bbox 636 925 802 996; x_wconf 68' lang='lat' dir='ltr'>potestativi</span> <span class='ocrx_word' id='word_1_59' title='bbox 814 941 840 986; x_wconf 75' lang='lat'>3-</span> <span class='ocrx_word' id='word_1_60' title='bbox 848 953 856 964; x_wconf 96' lang='lat'>-</span> <span class='ocrx_word' id='word_1_61' title='bbox 865 924 916 978; x_wconf 89' lang='lat' dir='ltr'>suh</span> <span class='ocrx_word' id='word_1_62' title='bbox 927 924 1088 980; x_wconf 84' lang='lat' dir='ltr'>conditione</span> 
     </span>
    </p>
   </div>
   <div class='ocr_carea' id='block_1_5' title="bbox 208 1011 1200 1080">
    <p class='ocr_par' dir='ltr' id='par_1_5' title="bbox 208 1011 1200 1080">
     <span class='ocr_line' id='line_1_10' title="bbox 208 1011 1200 1080; baseline 0.001 -16"><span class='ocrx_word' id='word_1_63' title='bbox 208 1071 212 1078; x_wconf 54' lang='grc'><em>,</em></span> <span class='ocrx_word' id='word_1_64' title='bbox 288 1011 378 1080; x_wconf 86' lang='lat' dir='ltr'>turpi?</span> <span class='ocrx_word' id='word_1_65' title='bbox 416 1048 1088 1068; x_wconf 87' lang='grc'><strong>...............</strong></span> <span class='ocrx_word' id='word_1_66' title='bbox 1143 1012 1200 1065; x_wconf 79' lang='grc'><strong>277</strong></span> 
     </span>
    </p>
   </div>
   <div class='ocr_carea' id='block_1_6' title="bbox 218 1095 1202 2017">
    <p class='ocr_par' dir='ltr' id='par_1_6' title="bbox 218 1095 1202 2017">
     <span class='ocr_line' id='line_1_11' title="bbox 219 1095 1089 1170; baseline -0.003 -18"><span class='ocrx_word' id='word_1_67' title='bbox 219 1099 314 1153; x_wconf 84' lang='lat' dir='ltr'>l&#39;trlrm</span> <span class='ocrx_word' id='word_1_68' title='bbox 328 1097 418 1153; x_wconf 84' lang='lat' dir='ltr'>valeat</span> <span class='ocrx_word' id='word_1_69' title='bbox 431 1102 600 1168; x_wconf 78' lang='lat' dir='ltr'>contractus,</span> <span class='ocrx_word' id='word_1_70' title='bbox 616 1102 639 1156; x_wconf 87' lang='lat' dir='ltr'>si</span> <span class='ocrx_word' id='word_1_71' title='bbox 649 1116 703 1155; x_wconf 87' lang='lat' dir='ltr'>uua</span> <span class='ocrx_word' id='word_1_72' title='bbox 717 1115 782 1170; x_wconf 83' lang='lat' dir='ltr'>pars</span> <span class='ocrx_word' id='word_1_73' title='bbox 799 1095 958 1151; x_wconf 74' lang='lat' dir='ltr'>manifestet</span> <span class='ocrx_word' id='word_1_74' title='bbox 967 1095 1089 1150; x_wconf 78' lang='lat' dir='ltr'>volunta·</span> 
     </span>
     <span class='ocr_line' id='line_1_12' title="bbox 289 1181 1089 1252; baseline -0.003 -16"><span class='ocrx_word' id='word_1_75' title='bbox 289 1185 345 1236; x_wconf 90' lang='lat' dir='ltr'>tem</span> <span class='ocrx_word' id='word_1_76' title='bbox 360 1182 552 1250; x_wconf 84' lang='lat' dir='ltr'>contrahendi,</span> <span class='ocrx_word' id='word_1_77' title='bbox 560 1185 702 1252; x_wconf 78' lang='lat' dir='ltr'>alteraque</span> <span class='ocrx_word' id='word_1_78' title='bbox 709 1185 836 1251; x_wconf 80' lang='lat' dir='ltr'>acceptet</span> <span class='ocrx_word' id='word_1_79' title='bbox 845 1181 960 1235; x_wconf 80' lang='lat' dir='ltr'>interius</span> <span class='ocrx_word' id='word_1_80' title='bbox 973 1184 1089 1245; x_wconf 82' lang='lat' dir='ltr'>tentum;</span> 
     </span>
     <span class='ocr_line' id='line_1_13' title="bbox 289 1266 1091 1338; baseline 0.002 -20"><span class='ocrx_word' id='word_1_81' title='bbox 289 1294 323 1304; x_wconf 97' lang='lat'><em>-</em></span> <span class='ocrx_word' id='word_1_82' title='bbox 337 1267 428 1318; x_wconf 84' lang='lat' dir='ltr'>utrum</span> <span class='ocrx_word' id='word_1_83' title='bbox 455 1266 545 1322; x_wconf 83' lang='lat' dir='ltr'>valeat</span> <span class='ocrx_word' id='word_1_84' title='bbox 566 1270 723 1322; x_wconf 83' lang='lat' dir='ltr'>contractus</span> <span class='ocrx_word' id='word_1_85' title='bbox 744 1283 794 1338; x_wconf 90' lang='lat' dir='ltr'>per</span> <span class='ocrx_word' id='word_1_86' title='bbox 817 1268 1037 1336; x_wconf 83' lang='lat' dir='ltr'>procuratorem,</span> <span class='ocrx_word' id='word_1_87' title='bbox 1063 1267 1091 1320; x_wconf 88' lang='lat' dir='ltr'>et</span> 
     </span>
     <span class='ocr_line' id='line_1_14' title="bbox 292 1352 1202 1422; baseline 0 -15"><span class='ocrx_word' id='word_1_88' title='bbox 292 1352 402 1420; x_wconf 80' lang='lat' dir='ltr'>quando</span> <span class='ocrx_word' id='word_1_89' title='bbox 412 1352 585 1422; x_wconf 78' lang='lat' dir='ltr'>perficiatur?</span> <span class='ocrx_word' id='word_1_90' title='bbox 605 1391 1086 1408; x_wconf 88' lang='grc'><strong>...........</strong></span> <span class='ocrx_word' id='word_1_91' title='bbox 1143 1353 1202 1408; x_wconf 83' lang='grc'><strong>280</strong></span> 
     </span>
     <span class='ocr_line' id='line_1_15' title="bbox 220 1437 678 1506; baseline 0.011 -16"><span class='ocrx_word' id='word_1_92' title='bbox 220 1439 232 1506; x_wconf 69' lang='lat'><strong>5</strong></span> <span class='ocrx_word' id='word_1_93' title='bbox 247 1437 273 1491; x_wconf 91' lang='grc'><strong>2.</strong></span> <span class='ocrx_word' id='word_1_94' title='bbox 289 1438 331 1492; x_wconf 90' lang='lat' dir='ltr'>De</span> <span class='ocrx_word' id='word_1_95' title='bbox 345 1438 550 1493; x_wconf 79' lang='lat' dir='ltr'>conditionibus</span> <span class='ocrx_word' id='word_1_96' title='bbox 559 1440 678 1495; x_wconf 76' lang='lat' dir='ltr'>licitatis</span> 
     </span>
     <span class='ocr_line' id='line_1_16' title="bbox 221 1519 1196 1584; baseline 0.001 -5"><span class='ocrx_word' id='word_1_97' title='bbox 221 1523 248 1578; x_wconf 90' lang='lat' dir='ltr'>l⁰</span> <span class='ocrx_word' id='word_1_98' title='bbox 259 1525 355 1580; x_wconf 81' lang='lat' dir='ltr'>Utrum</span> <span class='ocrx_word' id='word_1_99' title='bbox 366 1527 485 1581; x_wconf 84' lang='lat' dir='ltr'>existent</span> <span class='ocrx_word' id='word_1_100' title='bbox 494 1519 805 1584; x_wconf 81' lang='lat' dir='ltr'>conditioneslieitatis?</span> <span class='ocrx_word' id='word_1_101' title='bbox 842 1565 1087 1580; x_wconf 91' lang='grc'><strong>......</strong></span> <span class='ocrx_word' id='word_1_102' title='bbox 1145 1525 1196 1580; x_wconf 72' lang='grc'><strong>281</strong></span> 
     </span>
     <span class='ocr_line' id='line_1_17' title="bbox 218 1609 1197 1676; baseline 0 -13"><span class='ocrx_word' id='word_1_103' title='bbox 218 1609 248 1662; x_wconf 80' lang='grc'>20</span> <span class='ocrx_word' id='word_1_104' title='bbox 261 1610 395 1676; x_wconf 72' lang='lat' dir='ltr'>Quonam</span> <span class='ocrx_word' id='word_1_105' title='bbox 409 1611 483 1664; x_wconf 79' lang='lat' dir='ltr'>sint?</span> <span class='ocrx_word' id='word_1_106' title='bbox 517 1651 761 1668; x_wconf 88' lang='grc'><strong>......</strong></span> <span class='ocrx_word' id='word_1_107' title='bbox 802 1636 812 1665; x_wconf 71' lang='lat' dir='ltr'>r</span> <span class='ocrx_word' id='word_1_108' title='bbox 849 1648 1095 1663; x_wconf 83' lang='grc'><strong>......</strong></span> <span class='ocrx_word' id='word_1_109' title='bbox 1129 1611 1197 1665; x_wconf 78' lang='lat' dir='ltr'>ibid.</span> 
     </span>
     <span class='ocr_line' id='line_1_18' title="bbox 221 1690 1196 1766; baseline -0.004 -16"><span class='ocrx_word' id='word_1_110' title='bbox 221 1697 251 1750; x_wconf 89' lang='grc' dir='ltr'>3ο</span> <span class='ocrx_word' id='word_1_111' title='bbox 264 1696 338 1763; x_wconf 88' lang='lat' dir='ltr'>Quid</span> <span class='ocrx_word' id='word_1_112' title='bbox 353 1701 485 1766; x_wconf 81' lang='lat' dir='ltr'>sequatur</span> <span class='ocrx_word' id='word_1_113' title='bbox 499 1712 534 1750; x_wconf 85' lang='lat' dir='ltr'>ex</span> <span class='ocrx_word' id='word_1_114' title='bbox 548 1713 643 1752; x_wconf 81' lang='lat' dir='ltr'>earum</span> <span class='ocrx_word' id='word_1_115' title='bbox 657 1696 803 1752; x_wconf 64' lang='lat' dir='ltr'>absentio?</span> <span class='ocrx_word' id='word_1_116' title='bbox 841 1727 861 1749; x_wconf 87' lang='lat'>.-</span> <span class='ocrx_word' id='word_1_117' title='bbox 888 1731 1087 1746; x_wconf 91' lang='grc'><strong>.....</strong></span> <span class='ocrx_word' id='word_1_118' title='bbox 1127 1690 1196 1747; x_wconf 77' lang='lat' dir='ltr'>ibid.</span> 
     </span>
     <span class='ocr_line' id='line_1_19' title="bbox 220 1778 1092 1852; baseline -0.001 -18"><span class='ocrx_word' id='word_1_119' title='bbox 220 1780 323 1846; x_wconf 80' lang='lat' dir='ltr'>Quoest.</span> <span class='ocrx_word' id='word_1_120' title='bbox 340 1780 438 1834; x_wconf 85' lang='lat' dir='ltr'>Utrum</span> <span class='ocrx_word' id='word_1_121' title='bbox 460 1783 514 1836; x_wconf 92' lang='lat' dir='ltr'>sint</span> <span class='ocrx_word' id='word_1_122' title='bbox 536 1780 631 1852; x_wconf 90' lang='lat' dir='ltr'>injusti</span> <span class='ocrx_word' id='word_1_123' title='bbox 653 1779 700 1850; x_wconf 90' lang='lat' dir='ltr'>qui</span> <span class='ocrx_word' id='word_1_124' title='bbox 726 1795 782 1833; x_wconf 91' lang='lat' dir='ltr'>nou</span> <span class='ocrx_word' id='word_1_125' title='bbox 792 1778 970 1833; x_wconf 83' lang='lat' dir='ltr'>consentiunt</span> <span class='ocrx_word' id='word_1_126' title='bbox 983 1779 1092 1835; x_wconf 77' lang='lat' dir='ltr'>interno</span> 
     </span>
     <span class='ocr_line' id='line_1_20' title="bbox 290 1861 1089 1934; baseline -0.003 -14"><span class='ocrx_word' id='word_1_127' title='bbox 290 1867 446 1920; x_wconf 79' lang='lat' dir='ltr'>contractui</span> <span class='ocrx_word' id='word_1_128' title='bbox 461 1869 585 1931; x_wconf 63' lang='lat' dir='ltr'>enemo,</span> <span class='ocrx_word' id='word_1_129' title='bbox 602 1866 650 1934; x_wconf 88' lang='lat' dir='ltr'>qui</span> <span class='ocrx_word' id='word_1_130' title='bbox 673 1865 743 1918; x_wconf 84' lang='lat' dir='ltr'>alios</span> <span class='ocrx_word' id='word_1_131' title='bbox 756 1863 793 1917; x_wconf 81' lang='lat' dir='ltr'>ad</span> <span class='ocrx_word' id='word_1_132' title='bbox 806 1861 1026 1917; x_wconf 80' lang='lat' dir='ltr'>contrahendum</span> <span class='ocrx_word' id='word_1_133' title='bbox 1041 1863 1089 1918; x_wconf 88' lang='lat' dir='ltr'>de·</span> 
     </span>
     <span class='ocr_line' id='line_1_21' title="bbox 293 1945 1092 2017; baseline 0.004 -18"><span class='ocrx_word' id='word_1_134' title='bbox 293 1948 441 2001; x_wconf 81' lang='lat' dir='ltr'>terminant</span> <span class='ocrx_word' id='word_1_135' title='bbox 454 1951 618 2017; x_wconf 84' lang='lat' dir='ltr'>permotum</span> <span class='ocrx_word' id='word_1_136' title='bbox 628 1951 675 2002; x_wconf 85' lang='lat' dir='ltr'>aut</span> <span class='ocrx_word' id='word_1_137' title='bbox 688 1947 783 2002; x_wconf 88' lang='lat' dir='ltr'>dolum</span> <span class='ocrx_word' id='word_1_138' title='bbox 795 1963 802 2012; x_wconf 93' lang='lat'>;</span> <span class='ocrx_word' id='word_1_139' title='bbox 813 1975 848 1988; x_wconf 90' lang='lat'><em>-</em></span> <span class='ocrx_word' id='word_1_140' title='bbox 857 1946 955 2003; x_wconf 83' lang='lat' dir='ltr'>Utrum</span> <span class='ocrx_word' id='word_1_141' title='bbox 965 1945 1092 2014; x_wconf 82' lang='lat' dir='ltr'>praedioti</span> 
     </span>
    </p>
   </div>
   <div class='ocr_carea' id='block_1_7' title="bbox 292 2029 1294 2100">
    <p class='ocr_par' dir='ltr' id='par_1_7' title="bbox 292 2029 1294 2100">
     <span class='ocr_line' id='line_1_22' title="bbox 292 2029 1294 2100; baseline 0.001 -14"><span class='ocrx_word' id='word_1_142' title='bbox 292 2036 437 2087; x_wconf 80' lang='lat' dir='ltr'>teneantur</span> <span class='ocrx_word' id='word_1_143' title='bbox 451 2033 608 2098; x_wconf 83' lang='lat' dir='ltr'>restituere,</span> <span class='ocrx_word' id='word_1_144' title='bbox 626 2035 654 2086; x_wconf 93' lang='lat' dir='ltr'>et</span> <span class='ocrx_word' id='word_1_145' title='bbox 668 2031 735 2100; x_wconf 90' lang='lat' dir='ltr'>quid</span> <span class='ocrx_word' id='word_1_146' title='bbox 749 2029 994 2086; x_wconf 74' lang='lat' dir='ltr'>restituendumt.</span> <span class='ocrx_word' id='word_1_147' title='bbox 1036 2070 1042 2085; x_wconf 92' lang='lat'><strong><em>.</em></strong></span> <span class='ocrx_word' id='word_1_148' title='bbox 1086 2069 1092 2084; x_wconf 92' lang='lat'>.</span> <span class='ocrx_word' id='word_1_149' title='bbox 1131 2032 1200 2087; x_wconf 73' lang='lat' dir='ltr'>ibid.</span> <span class='ocrx_word' id='word_1_150' title='bbox 1293 2031 1294 2070; x_wconf 69' lang='lat'>3</span> 
     </span>
    </p>
   </div>
   <div class='ocr_carea' id='block_1_8' title="bbox 221 2116 1204 2274">
    <p class='ocr_par' dir='ltr' id='par_1_8' title="bbox 221 2116 1204 2274">
     <span class='ocr_line' id='line_1_23' title="bbox 221 2116 577 2186; baseline -0.003 -16"><span class='ocrx_word' id='word_1_151' title='bbox 221 2117 293 2170; x_wconf 77' lang='lat' dir='ltr'>Aur.</span> <span class='ocrx_word' id='word_1_152' title='bbox 310 2117 347 2171; x_wconf 89' lang='grc' dir='ltr'>ΙΙ.</span> <span class='ocrx_word' id='word_1_153' title='bbox 362 2125 402 2172; x_wconf 84' lang='lat' dir='ltr'>De</span> <span class='ocrx_word' id='word_1_154' title='bbox 419 2116 577 2186; x_wconf 76' lang='lat' dir='ltr'>Effeetibue.</span> 
     </span>
     <span class='ocr_line' id='line_1_24' title="bbox 224 2203 1204 2274; baseline 0.003 -15"><span class='ocrx_word' id='word_1_155' title='bbox 224 2204 322 2259; x_wconf 76' lang='lat' dir='ltr'>[trum</span> <span class='ocrx_word' id='word_1_156' title='bbox 345 2206 502 2258; x_wconf 81' lang='lat' dir='ltr'>contractus</span> <span class='ocrx_word' id='word_1_157' title='bbox 515 2204 651 2274; x_wconf 84' lang='lat' dir='ltr'>producut</span> <span class='ocrx_word' id='word_1_158' title='bbox 675 2205 813 2260; x_wconf 82' lang='lat' dir='ltr'>effeetus?</span> <span class='ocrx_word' id='word_1_159' title='bbox 849 2244 856 2259; x_wconf 86' lang='lat'><em>.</em></span> <span class='ocrx_word' id='word_1_160' title='bbox 889 2239 1093 2258; x_wconf 79' lang='lat'><strong>......</strong></span> <span class='ocrx_word' id='word_1_161' title='bbox 1149 2203 1204 2262; x_wconf 55' lang='lat' dir='ltr'>m</span> 
     </span>
    </p>
   </div>
   <div class='ocr_carea' id='block_1_9' title="bbox 225 2288 1201 2443">
    <p class='ocr_par' dir='ltr' id='par_1_9' title="bbox 225 2288 1201 2443">
     <span class='ocr_line' id='line_1_25' title="bbox 225 2288 1201 2360; baseline 0.005 -19"><span class='ocrx_word' id='word_1_162' title='bbox 225 2288 298 2352; x_wconf 83' lang='lat' dir='ltr'>Quid</span> <span class='ocrx_word' id='word_1_163' title='bbox 312 2288 347 2342; x_wconf 89' lang='lat' dir='ltr'>de</span> <span class='ocrx_word' id='word_1_164' title='bbox 361 2292 503 2344; x_wconf 77' lang='lat' dir='ltr'>contractu</span> <span class='ocrx_word' id='word_1_165' title='bbox 517 2289 641 2345; x_wconf 82' lang='lat' dir='ltr'>invalido</span> <span class='ocrx_word' id='word_1_166' title='bbox 651 2291 695 2344; x_wconf 90' lang='lat' dir='ltr'>oui</span> <span class='ocrx_word' id='word_1_167' title='bbox 707 2288 866 2360; x_wconf 81' lang='lat' dir='ltr'>adjungitur</span> <span class='ocrx_word' id='word_1_168' title='bbox 887 2291 1098 2358; x_wconf 75' lang='lat' dir='ltr'>juramentum?</span> <span class='ocrx_word' id='word_1_169' title='bbox 1133 2293 1201 2350; x_wconf 74' lang='lat' dir='ltr'>totu.</span> 
     </span>
     <span class='ocr_line' id='line_1_26' title="bbox 225 2369 579 2443; baseline 0.008 -18"><span class='ocrx_word' id='word_1_170' title='bbox 225 2369 325 2426; x_wconf 79' lang='lat' dir='ltr'>Poucr.</span> <span class='ocrx_word' id='word_1_171' title='bbox 342 2371 365 2426; x_wconf 92' lang='lat' dir='ltr'>l.</span> <span class='ocrx_word' id='word_1_172' title='bbox 381 2372 423 2427; x_wconf 89' lang='lat' dir='ltr'>De</span> <span class='ocrx_word' id='word_1_173' title='bbox 438 2372 579 2443; x_wconf 84' lang='lat' dir='ltr'>Subjeoto.</span> 
     </span>
    </p>
   </div>
   <div class='ocr_carea' id='block_1_10' title="bbox 226 2455 1293 2540">
    <p class='ocr_par' dir='ltr' id='par_1_10' title="bbox 226 2455 1293 2540">
     <span class='ocr_line' id='line_1_27' title="bbox 226 2455 1293 2540; baseline 0.002 -31"><span class='ocrx_word' id='word_1_174' title='bbox 226 2455 300 2526; x_wconf 84' lang='lat' dir='ltr'>Erga</span> <span class='ocrx_word' id='word_1_175' title='bbox 313 2473 384 2526; x_wconf 86' lang='lat' dir='ltr'>quos</span> <span class='ocrx_word' id='word_1_176' title='bbox 397 2457 584 2526; x_wconf 83' lang='lat' dir='ltr'>producuntur</span> <span class='ocrx_word' id='word_1_177' title='bbox 598 2460 715 2513; x_wconf 83' lang='lat' dir='ltr'>effeetus</span> <span class='ocrx_word' id='word_1_178' title='bbox 732 2456 907 2512; x_wconf 81' lang='lat' dir='ltr'>contractus?</span> <span class='ocrx_word' id='word_1_179' title='bbox 946 2495 953 2509; x_wconf 91' lang='lat'><strong>.</strong></span> <span class='ocrx_word' id='word_1_180' title='bbox 993 2495 1000 2510; x_wconf 90' lang='lat'><strong>.</strong></span> <span class='ocrx_word' id='word_1_181' title='bbox 1041 2495 1047 2509; x_wconf 95' lang='lat'>.</span> <span class='ocrx_word' id='word_1_182' title='bbox 1088 2495 1095 2510; x_wconf 89' lang='lat'><strong>.</strong></span> <span class='ocrx_word' id='word_1_183' title='bbox 1150 2456 1204 2511; x_wconf 63' lang='lat' dir='ltr'>ffll</span> <span class='ocrx_word' id='word_1_184' title='bbox 1291 2519 1293 2540; x_wconf 51' lang='lat'><strong>⁴</strong></span> 
     </span>
    </p>
   </div>
   <div class='ocr_carea' id='block_1_11' title="bbox 226 2541 580 2685">
    <p class='ocr_par' dir='ltr' id='par_1_11' title="bbox 226 2541 580 2685">
     <span class='ocr_line' id='line_1_28' title="bbox 226 2541 580 2611; baseline 0.003 -16"><span class='ocrx_word' id='word_1_185' title='bbox 226 2541 327 2598; x_wconf 77' lang='lat' dir='ltr'>Purur.</span> <span class='ocrx_word' id='word_1_186' title='bbox 342 2543 380 2598; x_wconf 88' lang='lat'>11.</span> <span class='ocrx_word' id='word_1_187' title='bbox 395 2541 438 2598; x_wconf 83' lang='lat' dir='ltr'>Ile</span> <span class='ocrx_word' id='word_1_188' title='bbox 452 2541 580 2611; x_wconf 73' lang='lat' dir='ltr'>Obiecto.</span> 
     </span>
     <span class='ocr_line' id='line_1_29' title="bbox 261 2627 384 2685; baseline 0.008 -5"><span class='ocrx_word' id='word_1_189' title='bbox 261 2627 286 2685; x_wconf 87' lang='lat' dir='ltr'>l.</span> <span class='ocrx_word' id='word_1_190' title='bbox 301 2627 384 2682; x_wconf 75' lang='lat' dir='ltr'>lure.</span> 
     </span>
    </p>
   </div>
   <div class='ocr_carea' id='block_1_12' title="bbox 225 2711 1292 3126">
    <p class='ocr_par' dir='ltr' id='par_1_12' title="bbox 225 2711 1207 2950">
     <span class='ocr_line' id='line_1_30' title="bbox 226 2711 1204 2780; baseline -0.004 -12"><span class='ocrx_word' id='word_1_191' title='bbox 226 2715 368 2779; x_wconf 82' lang='lat' dir='ltr'>Quosnam</span> <span class='ocrx_word' id='word_1_192' title='bbox 381 2713 495 2769; x_wconf 81' lang='lat' dir='ltr'>effeetus</span> <span class='ocrx_word' id='word_1_193' title='bbox 504 2711 639 2780; x_wconf 82' lang='lat' dir='ltr'>producat</span> <span class='ocrx_word' id='word_1_194' title='bbox 651 2713 810 2766; x_wconf 77' lang='lat' dir='ltr'>contractus</span> <span class='ocrx_word' id='word_1_195' title='bbox 823 2711 835 2764; x_wconf 79' lang='lat' dir='ltr'>‘l</span> <span class='ocrx_word' id='word_1_196' title='bbox 848 2746 1096 2776; x_wconf 85' lang='lat'><strong>......</strong></span> <span class='ocrx_word' id='word_1_197' title='bbox 1134 2711 1204 2774; x_wconf 74' lang='lat' dir='ltr'>ibid,</span> 
     </span>
     <span class='ocr_line' id='line_1_31' title="bbox 225 2793 1207 2864; baseline -0.002 -14"><span class='ocrx_word' id='word_1_198' title='bbox 225 2795 325 2864; x_wconf 77' lang='lat' dir='ltr'>Agitur</span> <span class='ocrx_word' id='word_1_199' title='bbox 339 2796 374 2850; x_wconf 89' lang='lat' dir='ltr'>de</span> <span class='ocrx_word' id='word_1_200' title='bbox 388 2797 532 2855; x_wconf 79' lang='lat' dir='ltr'>effectibus</span> <span class='ocrx_word' id='word_1_201' title='bbox 542 2794 653 2856; x_wconf 75' lang='lat' dir='ltr'>directio</span> <span class='ocrx_word' id='word_1_202' title='bbox 663 2809 670 2858; x_wconf 92' lang='lat'>;</span> <span class='ocrx_word' id='word_1_203' title='bbox 681 2823 716 2853; x_wconf 94' lang='grc'>-,-</span> <span class='ocrx_word' id='word_1_204' title='bbox 730 2793 766 2856; x_wconf 76' lang='lat' dir='ltr'>(le</span> <span class='ocrx_word' id='word_1_205' title='bbox 781 2794 925 2851; x_wconf 85' lang='lat' dir='ltr'>etleotibus</span> <span class='ocrx_word' id='word_1_206' title='bbox 939 2794 1096 2850; x_wconf 73' lang='lat' dir='ltr'>todireetis.</span> <span class='ocrx_word' id='word_1_207' title='bbox 1152 2794 1207 2848; x_wconf 76' lang='grc'>285</span> 
     </span>
     <span class='ocr_line' id='line_1_32' title="bbox 226 2881 635 2950; baseline -0.002 -13"><span class='ocrx_word' id='word_1_208' title='bbox 226 2881 260 2937; x_wconf 92' lang='lat' dir='ltr'>ll</span> <span class='ocrx_word' id='word_1_209' title='bbox 265 2921 271 2935; x_wconf 94' lang='lat'>.</span> <span class='ocrx_word' id='word_1_210' title='bbox 285 2882 384 2950; x_wconf 76' lang='lat' dir='ltr'>Qstocld</span> <span class='ocrx_word' id='word_1_211' title='bbox 396 2882 635 2938; x_wconf 77' lang='lat' dir='ltr'>eircumetaotius.</span> 
     </span>
    </p>

    <p class='ocr_par' dir='ltr' id='par_1_13' title="bbox 227 2968 1292 3126">
     <span class='ocr_line' id='line_1_33' title="bbox 227 2968 1207 3040; baseline 0 -18"><span class='ocrx_word' id='word_1_212' title='bbox 227 2969 410 3036; x_wconf 83' lang='lat' dir='ltr'>Quandouum</span> <span class='ocrx_word' id='word_1_213' title='bbox 422 2971 537 3040; x_wconf 77' lang='lat' dir='ltr'>incipiat</span> <span class='ocrx_word' id='word_1_214' title='bbox 550 2969 681 3040; x_wconf 80' lang='lat' dir='ltr'>obligatio</span> <span class='ocrx_word' id='word_1_215' title='bbox 695 2970 874 3024; x_wconf 79' lang='lat' dir='ltr'>contractus?</span> <span class='ocrx_word' id='word_1_216' title='bbox 898 3007 1097 3022; x_wconf 91' lang='grc'><strong>.....</strong></span> <span class='ocrx_word' id='word_1_217' title='bbox 1115 2973 1118 2977; x_wconf 87' lang='grc'><strong>’</strong></span> <span class='ocrx_word' id='word_1_218' title='bbox 1153 2968 1207 3022; x_wconf 87' lang='grc'>288</span> 
     </span>
     <span class='ocr_line' id='line_1_34' title="bbox 228 3049 1292 3126; baseline -0.004 -18"><span class='ocrx_word' id='word_1_219' title='bbox 228 3053 326 3108; x_wconf 68' lang='lat' dir='ltr'>&#39;Utrum</span> <span class='ocrx_word' id='word_1_220' title='bbox 340 3054 453 3110; x_wconf 79' lang='lat' dir='ltr'>effeetus</span> <span class='ocrx_word' id='word_1_221' title='bbox 467 3068 577 3108; x_wconf 81' lang='lat' dir='ltr'>cessare</span> <span class='ocrx_word' id='word_1_222' title='bbox 597 3053 714 3123; x_wconf 83' lang='lat' dir='ltr'>possint,</span> <span class='ocrx_word' id='word_1_223' title='bbox 730 3058 758 3108; x_wconf 93' lang='lat' dir='ltr'>et</span> <span class='ocrx_word' id='word_1_224' title='bbox 772 3053 872 3122; x_wconf 85' lang='lat' dir='ltr'>quibus</span> <span class='ocrx_word' id='word_1_225' title='bbox 892 3052 1002 3108; x_wconf 80' lang='lat' dir='ltr'>causis?</span> <span class='ocrx_word' id='word_1_226' title='bbox 1040 3091 1047 3106; x_wconf 88' lang='lat'><strong>.</strong></span> <span class='ocrx_word' id='word_1_227' title='bbox 1091 3090 1098 3105; x_wconf 90' lang='lat'><strong>.</strong></span> <span class='ocrx_word' id='word_1_228' title='bbox 1138 3052 1205 3106; x_wconf 77' lang='lat' dir='ltr'>ibid·</span> <span class='ocrx_word' id='word_1_229' title='bbox 1291 3049 1292 3126; x_wconf 63' lang='lat' dir='ltr'>J</span> 
     </span>
    </p>
   </div>
   <div class='ocr_carea' id='block_1_13' title="bbox 227 3147 1292 3305">
    <p class='ocr_par' dir='ltr' id='par_1_14' title="bbox 227 3147 1292 3305">
     <span class='ocr_line' id='line_1_35' title="bbox 227 3147 638 3204; baseline 0 -2"><span class='ocrx_word' id='word_1_230' title='bbox 227 3149 328 3204; x_wconf 74' lang='lat' dir='ltr'>Priuer.</span> <span class='ocrx_word' id='word_1_231' title='bbox 344 3147 396 3202; x_wconf 87' lang='lat'>111.</span> <span class='ocrx_word' id='word_1_232' title='bbox 409 3156 449 3204; x_wconf 77' lang='lat' dir='ltr'>lie</span> <span class='ocrx_word' id='word_1_233' title='bbox 461 3148 638 3203; x_wconf 79' lang='lat' dir='ltr'>lotemitote.</span> 
     </span>
     <span class='ocr_line' id='line_1_36' title="bbox 228 3229 1292 3305; baseline -0.013 -13"><span class='ocrx_word' id='word_1_234' title='bbox 228 3239 360 3305; x_wconf 85' lang='lat' dir='ltr'>Quaenam</span> <span class='ocrx_word' id='word_1_235' title='bbox 376 3237 410 3290; x_wconf 89' lang='lat' dir='ltr'>sit</span> <span class='ocrx_word' id='word_1_236' title='bbox 432 3236 576 3292; x_wconf 81' lang='lat' dir='ltr'>intensitas</span> <span class='ocrx_word' id='word_1_237' title='bbox 590 3238 768 3293; x_wconf 75' lang='lat' dir='ltr'>contractus?</span> <span class='ocrx_word' id='word_1_238' title='bbox 805 3273 1098 3290; x_wconf 88' lang='grc'><strong>.......</strong></span> <span class='ocrx_word' id='word_1_239' title='bbox 1156 3233 1209 3288; x_wconf 75' lang='lat'>289</span> <span class='ocrx_word' id='word_1_240' title='bbox 1291 3229 1292 3268; x_wconf 76' lang='lat' dir='ltr'>i</span> 
     </span>
    </p>
   </div>
   <div class='ocr_carea' id='block_1_14' title="bbox 231 3401 1210 3560">
    <p class='ocr_par' dir='ltr' id='par_1_15' title="bbox 231 3401 1210 3560">
     <span class='ocr_line' id='line_1_37' title="bbox 231 3401 801 3474; baseline 0.012 -23"><span class='ocrx_word' id='word_1_241' title='bbox 231 3403 296 3454; x_wconf 71' lang='lat' dir='ltr'>tlte.</span> <span class='ocrx_word' id='word_1_242' title='bbox 313 3403 349 3456; x_wconf 90' lang='lat' dir='ltr'>ll.</span> <span class='ocrx_word' id='word_1_243' title='bbox 363 3403 403 3455; x_wconf 85' lang='lat' dir='ltr'>De</span> <span class='ocrx_word' id='word_1_244' title='bbox 419 3401 611 3458; x_wconf 75' lang='lat' dir='ltr'>Corrtruetilrus</span> <span class='ocrx_word' id='word_1_245' title='bbox 626 3405 801 3474; x_wconf 69' lang='lat' dir='ltr'>modificatio.</span> 
     </span>
     <span class='ocr_line' id='line_1_38' title="bbox 232 3493 1210 3560; baseline 0.018 -21"><span class='ocrx_word' id='word_1_246' title='bbox 232 3493 314 3555; x_wconf 83' lang='lat' dir='ltr'>Quid,</span> <span class='ocrx_word' id='word_1_247' title='bbox 331 3499 359 3546; x_wconf 91' lang='lat' dir='ltr'>et</span> <span class='ocrx_word' id='word_1_248' title='bbox 373 3509 498 3560; x_wconf 63' lang='lat' dir='ltr'>quonum</span> <span class='ocrx_word' id='word_1_249' title='bbox 514 3498 815 3553; x_wconf 78' lang='lat' dir='ltr'>sintmodisreationes?</span> <span class='ocrx_word' id='word_1_250' title='bbox 946 3537 953 3550; x_wconf 82' lang='lat'>.</span> <span class='ocrx_word' id='word_1_251' title='bbox 995 3537 1001 3550; x_wconf 84' lang='lat'><em>.</em></span> <span class='ocrx_word' id='word_1_252' title='bbox 1043 3529 1052 3549; x_wconf 63' lang='lat' dir='ltr'>e</span> <span class='ocrx_word' id='word_1_253' title='bbox 1091 3536 1097 3550; x_wconf 85' lang='lat'><strong>·</strong></span> <span class='ocrx_word' id='word_1_254' title='bbox 1157 3496 1210 3548; x_wconf 97' lang='grc'><strong>290</strong></span> 
     </span>
    </p>
   </div>
   <div class='ocr_carea' id='block_1_15' title="bbox 0 0 1323 3974">
    <p class='ocr_par' dir='ltr' id='par_1_16' title="bbox 0 0 1323 3974">
     <span class='ocr_line' id='line_1_39' title="bbox 0 0 1323 3974; baseline 0 0"><span class='ocrx_word' id='word_1_255' title='bbox 0 0 1323 3974; x_wconf 95' lang='lat' dir='ltr'> </span> 
     </span>
    </p>
   </div>
  </div>
 </body>
</html>
