2616 3982
624 201 824 268 --560-ἰ

287 347 329 412 Ει
346 345 532 412 definitione
548 344 694 430 sequitur
718 342 900 430 depositum
917 361 988 408 esse
1004 352 1221 424 eontraetnrn,
1299 333 1300 394 Ϊ

241 471 308 539 quo
323 450 536 540 depositarius
553 449 651 514 donat
666 448 806 534 gratuito
819 447 993 536 deponenti
1007 446 1064 534 jus
1081 449 1115 515 in
1134 464 1224 518 aetus
1299 453 1300 532 ζ

240 577 318 625 tuoe
331 557 374 622 od
389 575 459 623 rem
474 575 567 622 suain
582 553 841 622 custodiendam.
867 553 947 620 Crini
964 562 1074 620 eutem
1093 555 1223 645 deposi·
1299 537 1300 552 ¹

240 664 340 730 terius
356 683 421 729 non
438 660 618 748 hebeatjus
634 679 702 728 rent
715 658 904 746 deponentis
914 661 1116 747 possidendi,
1126 661 1225 750 depo·

240 765 326 837 nens'
335 769 367 834 in
378 763 428 834 soi
447 765 613 832 utilitatem
624 763 750 853 hocius
762 765 910 830 coneedit
922 765 1132 852 depositorio.

284 871 475 960 Depositum
491 873 620 960 proprie
637 873 759 938 dietum
775 883 823 938 est
838 873 1074 950 volontarium,
1090 873 1220 940 sen-iee-

240 993 310 1044 tunt
327 977 491 1065 ‚volontate
507 977 609 1044 libert
630 977 833 1066 deponentis,
856 977 906 1044 vel
928 979 1150 1045 neceesarium
1168 1001 1220 1045 ro·

241 1085 328 1150 tione
340 1084 668 1152 circumstantiarum.

278 1189 343 1255 dite
360 1182 572 1275 praeeipudde
589 1187 734 1275 deposito
746 1190 945 1254 voluntario.

286 1296 315 1361 1.
334 1295 384 1360 De
399 1293 649 1361 conditionibus.

285 1400 388 1468 Nullae
404 1399 558 1488 speeiaies
575 1399 784 1486 requiruntur
800 1398 1015 1466 conditiones.

286 1508 331 1573 tr.
349 1508 399 1572 De
414 1507 588 1592 effectibus.

270 1614 409 1698 rittiga
426 1613 670 1701 depositarium
744 1599 747 1608 ’

278 1718 343 1784 dero
352 1737 569 1786 torrentem:
585 1716 806 1806 Deposttertur
823 1728 928 1804 potest
949 1737 1019 1784 rem
1037 1719 1212 1806 possidere.

288 1821 525 1906 Obtipatiortre:
537 1825 574 1886 1⁰
585 1825 725 1889 Tenetur
741 1841 851 1934 rorent
866 1835 915 1888 rer
904 1822 1052 1890 hebere
1072 1822 1215 1891 eamdem

234 1948 279 1994 ee
292 1947 400 1994 rerum
414 1927 634 2014 propriarum.

243 2031 324 2096 ⁴2⁰
338 2023 479 2096 Tenetur
495 2029 669 2100 obstinere
674 2029 714 2096 ab
727 2053 788 2098 usu
811 2033 856 2098 rei
874 2029 1086 2119 depositae,
1060 2053 1133 2101 sine
1143 2055 1215 2101 eon·

240 2155 338 2202 sensu
355 2135 622 2222 deponentis.

287 2237 324 2300 5⁰
336 2237 478 2304 Tenetur
493 2237 642 2316 reddere,
658 2237 785 2323 qualern
797 2259 884 2322 nune
900 2249 958 2317 est,
978 2250 1009 2305 et
1025 2261 1103 2306 eum
1116 2240 1214 2306 fructi

224 2345 302 2424 dus
319 2341 496 2431 productio,
515 2363 583 2410 rem
601 2344 789 2432 depositam,
806 2360 872 2410 non
886 2353 966 2411 nero
986 2346 1056 2431 ejus
1075 2347 1214 2414 valorem

234 2464 296 2516 zeut
311 2471 380 2516 rem
392 2449 636 2536 aequivalentem
649 2472 658 2527 3
672 2470 795 2514 -eom
808 2457 867 2538 pro
880 2447 1132 2518 circumstantiis
1143 2452 1214 2518 red·
1299 2459 1300 2496 i

241 2560 331 2638 dere,
349 2557 400 2630 vel
417 2557 601 2644 deponenti,
620 2557 670 2623 vel
690 2557 719 2622 ei
736 2555 829 2642 eujus
847 2558 978 2624 nomine
996 2578 1048 2626 res
1074 2559 1212 2646 deposito

241 2665 379 2746 suit,‚vel
396 2660 593 2744 haeredibus,
611 2663 661 2730 vei
683 2663 712 2746 ei
729 2664 784 2750 qui
810 2662 869 2728 init
886 2651 1071 2750 designatus
1089 2665 1214 2748 adrem

241 2773 536 2860 recipiendam3-
551 2754 624 2838 eom
641 2773 781 2838 neddere
801 2772 833 2837 in
856 2771 925 2843 loeo
948 2773 1132 2858 desigooto;
1152 2773 1213 2849 vel,

241 2876 268 2944 si
284 2878 375 2946 loeus
392 2899 456 2943 non
467 2878 566 2944 fuerit
582 2877 827 2962 designatus,in
841 2876 912 2943 loeo
930 2877 999 2966 ipso
1013 2878 1147 2968 depositi
1159 2901 1217 2958 3¹-
1299 2869 1300 2884 ,

242 3005 312 3051 eam
322 2985 580 3069 reddere-statim
592 2976 629 3065 ee
641 2983 822 3082 repetitur
805 2983 845 3052 ab
857 3005 894 3068 eo
907 2984 962 3070 qui
975 2983 1140 3072 jusitabet
1151 3007 1216 3053 rem

240 3092 420 3180 repetendi
513 3126 517 3132 ·
850 3151 852 3160 ,
1145 3145 1148 3156 .

285 3198 324 3263 40
340 3195 481 3264 Tenetur
494 3217 703 3298 compensare
725 3197 840 3262 domna
859 3199 1024 3312 seqnentio
1043 3219 1081 3265 ex
1098 3216 1164 3266 esu
1182 3197 1218 3264 ii

241 3303 328 3372 lieito
341 3303 400 3382 rei,
419 3302 509 3384 dolo,
523 3303 572 3370 vet
585 3303 680 3392 culpo
692 3303 747 3384 (i).

276 3521 309 3582 (t)
329 3523 392 3573 dnn.
407 3523 483 3590 1927.
499 3523 706 3588 Leddpositaire
719 3527 915 3588 doiteppnrter,
931 3527 994 3577 dens
1009 3525 1129 3589 legga'rde
1147 3489 1180 3574 de
1195 3524 1218 3574 lt
