2606 3974
513 331 561 346 ¹-
583 285 647 364 tiu'
672 337 716 347 -

162 429 174 506 ξ
188 437 214 491 6.
227 431 267 493 lle
278 404 419 494 contractu
430 443 521 494 autem
532 439 578 510 qui
592 457 679 495 novas
693 441 743 494 lias
753 429 960 494 controversias
975 432 1109 498 excitavit

128 524 197 578 nihil
220 524 248 578 in
262 527 392 610 prasenti
406 527 569 592 statuimus,
591 527 660 581 nihil
676 526 757 580 etiam
777 526 955 580 decernimus
968 527 1053 581 modo
1072 525 1108 580 de

110 623 112 628 ¹
127 607 190 660 aliis
202 609 400 678 contractibus,
415 625 470 680 pro
483 611 583 680 quibus
607 610 772 680 theolegi‘et
791 623 928 665 canonum
942 610 1108 680 interpretes

108 703 112 727 2
128 694 156 748 in
166 693 289 752 diversas
306 698 409 751 abeunt
421 697 589 761 sententias;
605 701 725 752 attamen
743 696 853 766 pietatis
867 699 969 752 vestra
983 697 1105 753 studium

123 791 157 834 ac
171 783 335 850 religionem
349 783 573 840 irissammandam
589 785 815 890 existnnavimus,
832 788 861 838 ut
873 783 933 838 haec
948 797 1009 853 quae
1024 784 1107 853 subji-

109 868 215 924 ··eimas
224 871 396 928 exsecutioni
411 872 595 928 demandetis.

93 987 96 992 Δ
163 967 215 1039 §7-
231 964 1105 1042 Primumgravissimisverbispopulisrestrisostenditeusurae

125 1055 217 1108 labem
231 1071 263 1109 ac
272 1052 371 1112 vitium
386 1073 402 1111 a
416 1054 516 1113 dirime
526 1057 638 1112 litteris
653 1058 836 1114 vehementer
850 1054 1016 1126 improbari3
1038 1055 1106 1112 illud
1181 1103 1184 1108 ,

105 1153 107 1158 ·
125 1138 240 1206 quidem
253 1141 344 1195 varias
360 1143 463 1196 tonnas
476 1146 559 1212 atque
577 1141 684 1212 species
703 1139 831 1198 induere,
845 1143 875 1195 ut
887 1138 985 1195 fideles
999 1140 1103 1196 Christi

106 1219 258 1294 sangnine
273 1219 416 1282 restitutos
434 1229 463 1282 in
483 1229 639 1284 libertatern
659 1231 686 1282 et
708 1229 833 1296 gratiam,
847 1232 944 1282 rursus
960 1227 992 1280 'in
1013 1231 1106 1281 extre-

90 1331 93 1336 ·
110 1313 317 1368 ·1namruinam
331 1313 486 1388 praecipites
508 1315 649 1386 impellat:
666 1316 805 1386 quocirca,
821 1314 844 1370 si
863 1314 1010 1384 pecuniam
1024 1325 1102 1368 suam

124 1395 261 1456 collocare
271 1402 366 1469 velint,
375 1392 530 1470 'diligenter
544 1406 659 1457 caveant
672 1398 883 1472 nehcupiditate,
899 1401 1026 1455 omnium
1045 1415 1105 1456 ma-

124 1479 314 1555 lorumio'nte,
328 1481 488 1557 rapiantur:
505 1489 555 1544 sed
568 1489 661 1558 potius
674 1487 710 1544 ab
727 1487 838 1559 illisqui
852 1487 985 1544 doctrina
1000 1504 1032 1542 ac
1046 1488 1104 1542 vir-

106 1593 109 1602 ·
126 1575 191 1628 tutis
207 1569 294 1645 gloria
304 1575 387 1646 supra
400 1581 516 1650 eaeteros
531 1578 695 1645 atteruntur,
712 1575 858 1632 consilium
869 1579 1032 1645 exposcant.

108 1743 112 1748 ι
160 1664 426 1746 ξ8.5ὀ”εῠηάὀἰοοο,
436 1669 482 1749 qui
497 1657 665 1736 viribussuis
676 1695 709 1734 ac
719 1669 1064 1748 sapientiaeitaconfidunt,
1074 1680 1105 1729 ut

123 1765 369 1832 responsumierre
383 1767 418 1821 de
433 1763 466 1820 iis
485 1767 685 1837 quaestionibus
711 1783 767 1821 non
783 1766 912 1823 dubitent
929 1763 998 1836 (quae
1013 1767 1105 1818 tamen

123 1846 199 1900 haud
213 1847 434 1916 exiguamsacrae
444 1849 591 1928 theologia
600 1854 628 1905 et
637 1850 927 1906 canonumscientiam
941 1847 1102 1917 requirunt),

122 1934 158 1988 ab
175 1929 323 2003 extremis,
344 1951 405 2004 quae
420 1949 535 2006 semper
554 1938 654 1993 vitiosa
677 1941 751 2006 sunt,
769 1938 857 2005 longe
878 1951 909 1990 sc
929 1935 1101 1990 abstineant:

121 2015 234 2072 Etenim
248 2017 355 2092 aliqui
340 2021 414 2075 tanta
423 2020 570 2093 severitate
584 2021 646 2076 de'‘
629 2038 663 2076 ns
677 2007 761 2076 rebus
771 2020 905 2092 judicant,
913 2023 943 2074 ut
953 2009 1105 2088 quamlibet

104 2103 109 2172 ζ
121 2101 268 2158 utilitatem
283 2119 318 2159 ex
332 2107 448 2176 pecunia
463 2108 640 2178 desumptam
654 2111 787 2162 accusent
796 2111 925 2190 tanquam
939 2107 1061 2161 illicitam
1077 2107 1104 2159 at

104 2197 186 2244 ‘cum
199 2206 283 2244 usura
296 2194 488 2262 conjunctam
504 2198 600 2248 contra
610 2210 678 2249 vero
694 2181 819 2249 nonnolii
834 2195 1009 2264 indulgentes
1031 2193 1102 2246 adeo

121 2277 286 2346 remissique
300 2283 372 2345 sunt,
382 2281 415 2332 'ut
429 2279 626 2349 quodcumque
640 2281 905 2335 emolumentumab
916 2295 1005 2336 usurae
1018 2279 1104 2350 turpi-

105 2363 218 2438 tudine
239 2364 357 2419 liberum
376 2364 545 2419 existiment.
561 2364 623 2420 Suis
637 2365 752 2434 privatis
773 2365 949 2434 opinionibus
966 2381 1002 2420 ne
1021 2365 1104 2420 nimis

120 2446 291 2516 adhereant,
307 2448 357 2518 sed
367 2449 525 2518 priusquam
538 2463 704 2516 responsum
712 2447 840 2516 reddant,
849 2449 942 2518 plures
951 2449 1103 2518 scriptores
1116 2502 1118 2507 .

98 2529 103 2539 '
123 2535 283 2589 examinent
300 2535 347 2608 qui
360 2520 454 2604 ¹magis
465 2535 542 2590 ‘inter
563 2538 680 2589 caeteros
703 2535 904 2604 praedicantur,
919 2534 1031 2612 'deinde
1055 2549 1103 2590 eas

105 2611 217 2692 *partes
232 2623 381 2692 suscipiant
394 2639 463 2692 quas
477 2627 534 2676 tum
552 2620 669 2689 ratione,
682 2615 739 2676 tum
755 2609 919 2676 auctoritate
933 2623 1018 2694 plane
1031 2637 1102 2675 con-

78 2699 79 2702 ’
120 2707 244 2786 finnatas
258 2710 422 2780 intelligent.
439 2699 551 2775 Quodsi
560 2707 711 2778 disputatio
725 2709 849 2780 insurgat
863 2707 929 2762 dum
944 2701 1117 2764 contractus

120 2795 221 2864 aliquis
235 2797 264 2850 in
283 2811 401 2854 examen
415 2796 569 2864 adducitur,
584 2795 669 2851 nullae
690 2797 803 2852 omnino
817 2795 993 2851 contumelia
1006 2795 1039 2870 in¹
1052 2811 1102 2849 cos

108 2880 295 2952 'configantur
312 2885 359 2954 qui
373 2883 539 2951 contrariam
556 2883 722 2938 sententiam
739 2885 901 2954 sequuntur,
917 2897 1009 2953 neque
1027 2877 1102 2938 iliam

122 2970 255 3038 gravibus
272 2969 397 3026 censuris
416 2971 565 3026 notandam
579 2975 713 3044 asserant,
731 2971 754 3025 si
773 2971 929 3040 prasertim
948 2970 1057 3024 ratione
1075 2973 1103 3026 et

120 3058 311 3128 prestantium
325 3057 448 3115 virorum
458 3057 623 3112 testimoniis
631 3058 744 3112 minime
755 3060 863 3112 carcat:
883 3057 1017 3128 siquidem
1033 3071 1102 3130 con-

120 3144 194 3198 vicia
217 3147 299 3214 atque
321 3145 428 3216 injuriae
441 3140 584 3222 vinculum
599 3143 758 3200 christianae
780 3144 920 3200 charitatis
940 3145 1099 3214 infringunt,

120 3231 150 3282 et
164 3228 355 3295 gravissimam
366 3225 471 3298 populo
480 3228 663 3284 offensionem
673 3231 701 3282 et
710 3227 869 3282 scandalum
885 3241 943 3298 prae
954 3243 985 3282 sc
999 3228 1099 3281 terunt.

152 3325 165 3392 ξ
179 3323 207 3377 9.
222 3317 317 3378 'lertio
331 3326 405 3392 loco,
425 3326 472 3394 qui
491 3327 526 3380 ab
541 3323 616 3380 omni
631 3341 722 3379 usurae
735 3325 798 3379 labe
807 3339 838 3379 se
856 3324 994 3379 immunes
1018 3328 1046 3378 et
1061 3325 1103 3378 in-

121 3415 216 3476 tegros
234 3414 365 3481 praestare
379 3411 486 3479 volunt,
501 3429 635 3482 suamque
652 3413 798 3482 pecuniam
818 3413 857 3466 ita
875 3413 956 3468 alteri
978 3413 1056 3479 clare,
1074 3415 1102 3466 ut

123 3493 241 3550 tractum
256 3497 410 3575 legitimum
435 3499 610 3554 solummodo
623 3500 790 3570 percipiant,
809 3499 979 3572 admonendi
994 3504 1058 3554 sunt
1074 3505 1102 3554 ut

120 3585 509 3666 contractuminslituendum
531 3588 611 3641 antea
621 3585 773 3654 declarent,
796 3590 822 3642 et
841 3588 1014 3643 conditiones
1025 3587 1103 3643 inse-
