2588 4178
477 167 653 231 mru---
733 149 736 156 ’

5 289 6 370 Ῑ
62 303 260 376 revertendi
274 296 314 370 ad
331 303 521 382 dontinun13
536 306 580 404 οἱ),
595 307 753 372 rationem
768 306 1063 392 praecedentcrnt-
1156 369 1159 376 .

64 414 100 478 in
122 409 302 500 hypothesi
318 411 489 490 contraria,
508 412 590 476 liunt
605 412 736 479 alterius
752 413 848 500 primi
864 415 1060 499 occupantis,

65 517 131 581 nisi
153 515 271 584 [raude
288 529 417 584 attracta
431 516 568 596 suerint3
588 517 708 584 nullius
721 516 805 583 enirn
821 529 908 582 sunt.
928 516 1062 603 Nonju·

65 625 203 690 dicatur
221 636 328 690 autern
345 624 497 711 predicta
515 609 664 692 animalia
680 623 794 692 fraude
810 622 983 702 attrahere,
1006 623 1061 710 qui

63 728 138 794 suis
162 729 319 796 duntaxat
334 729 450 798 meiius
476 731 600 819 praebet
616 732 786 821 pabulum,
797 741 867 798 aut
879 731 988 800 locum
1003 750 1062 818 op·

65 833 301 920 portuniororn
318 835 454 902 aedisreot
469 859 478 914 ;
494 841 601 918 secus,
614 838 669 926 qui
686 837 758 904 cibo
772 838 904 904 omnino
920 849 1061 903 extraor-

67 941 206 1008 dinario
224 961 281 1008 sen
299 941 389 1008 vaide
399 943 556 1028 exquisito
572 956 728 1013 uteretur.

114 1045 220 1127 Noto.
237 1045 268 1108 1.
285 1044 428 1112 Durante
439 1058 584 1134 ternpore
592 1035 753 1116 seminum
764 1059 798 1113 et
815 1044 941 1124 messis,
952 1047 1062 1132 aquo·

66 1151 150 1218 tibet
168 1151 204 1218 in
222 1170 299 1235 agro
314 1171 374 1216 suo
387 1149 547 1219 coiuntbae
564 1153 667 1219 occidi
685 1164 823 1239 possunt
834 1163 867 1219 et
882 1150 1012 1217 retineri
1028 1151 1061 1214 in

70 1257 377 1346 compensationem
391 1257 500 1324 damni
518 1257 607 1324 ittati.
627 1259 706 1324 Item
723 1259 756 1323 in
773 1259 885 1346 quovis
901 1268 1058 1342 tempore,

71 1365 97 1428 si
122 1362 268 1449 graviter
293 1375 441 1443 noceant,
465 1373 496 1430 ct
511 1363 602 1430 aliter
622 1362 706 1450 abigi
731 1386 796 1430 non
820 1363 953 1456 possint.
982 1451 984 1456 Ι

116 1471 153 1535 2.
166 1469 304 1537 Examen
314 1485 423 1557 apum,
433 1469 568 1556 qnod'ex
577 1469 714 1536 alveario
724 1468 838 1551 avolat,
847 1457 1062 1537 addominurn

74 1577 228 1660 pertinet,
247 1577 391 1663 quandin
405 1576 525 1664 ‘in-ojus
542 1589 717 1664 conspeetu
734 1575 858 1656 manet',
877 1585 908 1642 et
924 1573 1062 1641 difficilis

75 1703 139 1750 non
156 1695 207 1748 cst
220 1681 502 1771 ejus-prosecutio.
513 1683 716 1767 attenuere
731 1683 888 1762 nutoroii,
901 1687 951 1748 est
966 1669 1061 1767 prirni

79 1786 278 1873 occupantis.
301 1787 379 1852 lure
399 1798 507 1852 autern
531 1787 664 1852 Getttco·
671 1785 811 1873 pertinet
831 1785 872 1850 ad
892 1783 1061 1850 dominum

79 1887 174 1954 fundi
189 1889 223 1956 in
240 1909 305 1975 quo
321 1889 408 1953 stetit
422 1887 487 1977 (i)
533 1889 536 1896 ’
909 1901 914 1908 ’

121 1991 158 2059 5.
184 1991 339 2058 Animalia
363 1993 550 2077 eptccrtrio,
581 2013 657 2078 quoe·
680 1991 859 2057 libertatem
886 2009 978 2058 suant
1006 1999 1062 2052 aut

82 2104 248 2188 nunqnam
266 2100 454 2177 amiserunt,
474 2113 529 2165 out
550 2111 835 2186 recuperaverunt,
854 2097 996 2181 legitime
1008 2114 1061 2161 oc-

79 2203 190 2292 cupari
208 2215 239 2268 ct
253 2203 296 2268 ab
316 2213 493 2289 occupante
509 2201 707 2290 appropriari
727 2212 874 2290 possunt.
992 2209 996 2212 “

122 2305 222 2380 Aliter
246 2304 433 2383 dicendum,
460 2305 485 2370 si
506 2303 685 2372 libertatem
703 2304 878 2380 amiserint,
895 2321 955 2368 nee
969 2321 1060 2366 recu·

80 2407 273 2492 paraverint.
327 2419 329 2426 ·

125 2516 224 2582 Porro
248 2513 366 2589 animal
384 2529 533 2582 censetur
553 2517 699 2592 amisisse
719 2514 914 2592 libertatem,
926 2549 969 2560 -
983 2511 1014 2575 i.
1034 2505 1060 2578 ti

79 2621 282 2687 contineatur
295 2620 326 2686 in
339 2620 410 2698 ioco
423 2620 546 2697 clauso,
561 2622 650 2686 ita-nt
662 2619 737 2684 iride
754 2619 841 2683 exire
858 2639 922 2682 non
939 2616 1058 2700 possit3

82 2729 187 2802 secus,
204 2725 230 2790 si
244 2725 332 2802 iocos
349 2726 390 2790 sit
400 2736 528 2810 opertus
541 2735 576 2786 et
589 2721 733 2808 pervius.
749 2719 840 2784 Unde
855 2717 975 2786 animal
988 2737 1061 2802 pern

82 2827 157 2895 tinet
174 2831 214 2894 ad
234 2831 401 2896 dominum
414 2828 488 2908 loci,
504 2828 530 2894 si
547 2828 635 2892 iocus
649 2825 688 2890 sit
701 2823 827 2889 clausus
838 2844 848 2902 ;
867 2823 907 2888 od
920 2821 1061 2909 primurn
1085 2897 1087 2901 ,

84 2955 305 3029 occupantem,
325 2943 350 3008 si
365 2963 428 3007 non
446 2942 486 3006 sit
502 2923 691 3008 clausus}-
707 2937 740 3003 ᾖ.
760 2936 792 3003 Si
809 2937 849 3002 sit
861 2935 977 3024 laqueo
992 2955 1062 3022 cap-

84 3057 148 3114 turn
167 3049 200 3112 in
221 3047 291 3114 ioco
309 3049 431 3135 pervio.
453 3045 547 3114 Unde
568 3045 686 3112 animal
704 3044 840 3133 pertinet
856 3044 896 3110 ad
921 3041 1061 3132 primurn

83 3167 304 3242 occupantem,
320 3153 344 3218 si
363 3155 380 3218 ὸ
396 3152 511 3239 laqueo
526 3154 661 3219 evadere
679 3152 831 3240 potuerit.
857 3151 997 3228 Pertinet
1020 3146 1060 3211 ad

84 3257 249 3324 dominum
272 3258 390 3346 laquei,
417 3261 443 3324 si
469 3260 509 3326 tn
536 3261 575 3327 sit
593 3259 708 3346 inqtteo
726 3272 867 3346 coptum,
887 3268 922 3325 ut
940 3254 1062 3322 nonsit

116 3483 148 3548 (ι)
164 3484 209 3534 tot
224 3485 257 3534 nn
272 3486 287 3534 o
302 3484 407 3533 ‹ucoca-c
429 3483 499 3532 ntor.
605 3447 606 3452 ἵ
693 3521 697 3528 .
