2712 4164
536 289 580 306 --
607 256 671 332 169Ι
694 293 736 304 -

144 394 263 462 titione
279 391 494 458 obtenturum
516 391 666 471 debitori,
686 391 735 460 vel
757 393 920 474 creditori,
942 400 991 464 rel
1014 406 1120 471 tcrt'irn

38 562 45 703 l

39 738 47 1022 l

41 527 42 556 t
142 509 300 586 personaea

187 604 396 669 l⁰llamnum
407 601 622 672 obventurum
632 602 775 668 debitori
789 627 796 666 :

184 707 320 776 Debitor
341 707 557 794 dispensatur.
578 707 612 770 {⁰
633 707 666 774 Si
683 727 742 793 par
757 707 1045 781 restitutionemin
1066 736 1120 780 exa

138 822 241 882 trema
258 814 449 880 necessitate
460 813 705 881 constituendus
719 815 770 892 sit,
787 814 970 898 nisitamerr
982 818 1118 893 iu'ea'm-

138 921 213 986 dem
229 920 453 986 necessitatem
469 919 618 986 inciderit
632 919 773 986 creditor
788 920 871 991 laeto
888 923 1117 994 ablationis.—

135 1025 275 1094 Debitor
290 1025 507 1113 dispensatur,
527 1025 603 1091 siin
624 1033 765 1094 extrema
790 1019 1117 1101 necessitate'ccnsti-

136 1131 346 1210 tuendussit3
363 1131 486 1217 quiairr'
495 1151 571 1198 casu
581 1143 732 1198 extrcmae
744 1134 1050 1222 necessitatisoessat
1060 1137 1116 1226 jus
1139 1183 1159 1196 ··

136 1236 306 1304 creditoris
330 1249 440 1305 contra
461 1236 654 1316 debitorem,
683 1238 819 1324 proinde
843 1239 998 1324 obligatio
1024 1244 1118 1314 debi-

136 1341 214 1408 toris
238 1361 313 1426 erga
330 1341 535 1408 creditorem.
547 1342 660 1408 -Nisi
681 1343 714 1407 in
731 1345 879 1410 eamdem
895 1345 1120 1422 tracessitetcm

135 1447 287 1514 inciderit
302 1446 441 1514 creditor
456 1445 540 1516 facto
559 1445 749 1526 ablationis3
769 1469 799 1514 v.
823 1468 858 1532 g.
877 1447 1053 1534 objectum¹
1065 1451 1118 1517 ali-

136 1553 226 1640 quod
239 1553 516 1619 necessariumest
534 1553 679 1632 dominc,
696 1565 732 1619 ut
749 1575 813 1620 non
831 1555 950 1623 incidat
962 1557 995 1622 in
1011 1559 1121 1630 ncce'sz,
1155 1557 1158 1563 ’

137 1660 264 1728 ritatem
277 1671 452 1726 extremam
465 1683 474 1738 ;
488 1659 606 1740 alieno,
626 1673 662 1727 ut
673 1673 806 1746 exurgat
822 1683 860 1728 cx
874 1663 989 1730 eadam
1006 1685 1117 1737 neces⁴

135 1767 240 1833 sitate.
265 1764 303 1830 ln
324 1765 387 1832 hoe
407 1785 483 1832 casu
501 1766 628 1836 alienus
642 1773 769 1834 tenetur
793 1768 969 1835 restituere
983 1769 1118 1836 domino

136 1891 205 1938 rem
222 1889 328 1950 suam,
351 1873 378 1948 si
397 1871 580 1940 abstulerit.
604 1873 684 1940 Nam
702 1873 734 1958 in
759 1875 948 1948 necessitate
974 1883 1115 1942 extrema

135 1977 243 2043 omnia
260 1976 344 2042 bona
360 1975 443 2042 liunt
458 1979 643 2068 communia
654 1979 739 2044 inter
756 2000 811 2046 eos
825 1981 926 2068 quiin
937 1987 974 2048 et
990 1993 1117 2049 versan-

134 2097 208 2162 tur3
227 2101 304 2168 ergo
321 2083 405 2151 bona
419 2095 494 2150 sunt
509 2084 606 2170 primi
615 2085 812 2172 occupantis.
831 2087 930 2160 Porro
947 2085 1111 2164 dominus,

136 2213 171 2258 ex
189 2190 372 2278 hypothesi,
392 2203 440 2258 est
455 2191 579 2278 primus
596 2212 777 2280 occupans3
797 2193 857 2279 ipsi
879 2193 1014 2278 proinde
1036 2193 1116 2260 alic·

136 2319 196 2364 nus
213 2293 364 2383 injuriam
384 2297 490 2362 intulit
512 2317 582 2364 rem
605 2297 798 2376 auferendo,
818 2298 859 2362 ad
880 2282 1117 2366 restitutionem

136 2401 431 2490 mmmmmn
886 2453 960 2466 ,A

179 2507 314 2574 Debitor
326 2507 588 2594 dispensaturb,
610 2508 636 2572 si
658 2529 715 2594 per
730 2507 962 2578 restitutionem
974 2509 1005 2572 in
1028 2507 1116 2590 gravi

135 2611 323 2680 necessitate
339 2613 581 2679 constituendus
593 2613 645 2690 sit,
658 2613 720 2678 nisi
740 2611 892 2678 dilatione
908 2613 1118 2678 restitutionis

134 2718 274 2785 creditor
290 2717 323 2784 ie
339 2719 487 2784 eamdem
503 2715 725 2782 necessitatem
741 2715 923 2780 incidat—
941 2715 972 2779 Si
990 2715 1116 2781 debitor

136 2827 167 2892 in
187 2825 379 2892 necessitate
400 2823 488 2909 gravi
506 2819 748 2887 constituendus
767 2819 827 2890 sit:
851 2819 1005 2899 Quamvis
1027 2819 1113 2884 enim

136 2929 219 2997 bona
236 2931 269 2994 in
285 2931 475 3000 necessitate
485 2925 573 3013 gravi
585 2943 649 2991 non
666 2921 744 2992 fiant
759 2922 956 3001 communia,
974 2935 1114 3002 attamen

36 3091 37 3096 ,
135 3034 274 3102 creditor
295 3033 555 3102 irrationabiliter
575 3032 717 3118 erigeret
734 3028 965 3098 restitutionem
982 3028 1015 3096 in
1037 3051 1114 3101 casu

35 3127 37 3206 l
135 3141 305 3227 praesenti3
324 3142 402 3224 jere
424 3139 560 3227 proinde
585 3139 670 3206 cedit
689 3136 885 3228 jussuum,
912 3148 1015 3203 cessat
1036 3153 1112 3218 ergo

35 3282 37 3300 ‹
135 3245 287 3331 obligatio
321 3243 490 3313 debitoris.
511 3280 557 3296 -·-
579 3245 643 3312 Nisi
677 3245 817 3311 creditor
844 3242 1003 3310 dilatione¹
1028 3241 1114 3307 resti-

135 3352 267 3420 tutionis
299 3353 332 3418 in
360 3353 509 3422 cumdem
538 3353 763 3418 necessitatem
788 3349 907 3414 incidat
924 3371 935 3416 ,ε
969 3347 1123 3414 Creditor.

35 3516 36 3520 ,
135 3457 233 3537 enim,
258 3458 382 3524 caeteris
411 3458 555 3546 paribus,
581 3457 705 3523 bonum
736 3475 831 3522 suum
853 3454 939 3520 bono
961 3453 1114 3526 debitoris

136 3563 289 3649 praeferre
317 3563 431 3651 potest,
454 3563 546 3646 Ergo,
572 3567 645 3628 cirm
671 3561 823 3627 dilatione
847 3559 1055 3712 restitutionis
1083 3560 1115 3623 in

411 3691 416 3699 ·-
919 3673 940 3714 a
