2622 3976
618 281 817 346 -180-

117 463 121 470 ¹
221 431 343 507 existat,
357 427 468 494 utrum
482 425 522 490 sit
537 423 700 499 strictum
717 423 778 488 uisi
791 429 902 505 agatur
916 421 955 486 de
970 421 1112 486 ineunda
1128 443 1204 508 pos-

221 534 362 602 sessione
375 529 602 598 seidona-
614 527 647 594 ln
664 546 783 612 genero
800 525 942 614 possidet
962 524 1116 592 libertas:
1137 527 1199 590 dta-

222 642 312 710 bium
331 647 379 708 cst
402 636 488 706 enim
506 633 562 723 jus
578 634 744 714 strictum,
763 633 861 701 dubio
884 632 1019 720 proinde
1045 629 1193 718 injustitia

221 747 349 826 stricta,
378 741 520 832 possidet
549 739 684 828 proinde
708 737 852 806 libertas.
866 773 914 830 -ss
928 734 993 806 Nisi
1012 744 1128 822 agatur
1158 739 1198 804 de

220 850 361 918 incunda
375 844 598 935 possessione:
613 841 756 929 Naanjus
777 842 914 909 dubium
938 840 979 908 dc
992 860 1027 911 re
1046 862 1111 908 non
1125 857 1198 931 pos-

219 952 830 1031 sessbadcollectioncmdubitantium,
854 959 939 1018 certo
956 952 1109 1039 peninon
1130 973 1207 1040 pos.

215 1062 300 1128 sidet
322 1057 457 1147 proinde
476 1056 531 1144 jus
553 1054 748 1123 collectionis
774 1056 1010 1132 dubitantium,
1035 1064 1200 1124 nonvcro

217 1163 347 1230 libertas
363 1159 459 1227 unius
480 1158 617 1226 exclusis
636 1156 875 1225 aliis—lindi
892 1179 942 1226 res
965 1157 1140 1226 dividendo
1152 1169 1199 1225 est

221 1267 305 1332 inter
317 1263 501 1332 dubitantes
514 1283 572 1350 pro
595 1267 661 1326 rata
676 1259 779 1334 dubii.
868 1303 872 1310 ›

264 1380 302 1446 2⁰
313 1378 347 1448 Si
361 1375 460 1446 dubia
483 1376 524 1444 sit
545 1373 710 1444 existentia
732 1378 922 1440 contractus
931 1377 986 1439 ant
1005 1375 1197 1460 quusi-con-

220 1487 350 1552 tractals.
364 1482 402 1548 ln
419 1479 481 1547 hoc
497 1478 593 1546 enim·
604 1499 693 1557 casu,
711 1477 787 1544 adm
802 1475 954 1562 obligatio
975 1477 1158 1545 abstinendi
1180 1489 1198 1546 c

217 1585 287 1654 solo
303 1589 467 1652 contractu
484 1577 561 1648 oriri
573 1581 685 1669 possit,
700 1601 765 1646 non
782 1579 917 1668 probato
933 1587 1113 1660 contractu,
1129 1603 1193 1648 nort

219 1686 361 1776 possidet
372 1683 523 1768 obligatio
534 1681 729 1763 abstinendi,
742 1683 826 1750 benc
837 1681 1053 1749 vcrb'libcrtas
1063 1684 1193 1768 agendi.

261 1787 409 1854 Possidet
421 1788 493 1852 leo:
515 1785 550 1851 l⁰
567 1785 599 1852 Si
613 1781 711 1852 dubia
727 1785 767 1852 sit
782 1785 884 1852 'cessio
896 1783 993 1872 juris.
1011 1785 1066 1852 lus
1088 1787 1193 1864 onim,

219 1888 354 2005 proindc
377 1889 553 2008 obligatio,
580 1887 723 1976 possidet
745 1887 850 1955 donec
876 1901 1000 1956 constet
1023 1889 1063 1956 dc
1086 1908 1195 1956 cessa

219 1993 305 2060 tione
317 1989 415 2080 juris.

263 2095 300 2164 2⁰
322 2095 356 2162 Si
376 2093 475 2162 dubio
492 2093 533 2160 sit
553 2091 697 2162 validitas
714 2095 912 2172 contractus,
930 2091 1063 2160 attonde
1086 2095 1197 2180 quoad

217 2199 415 2276 existentiam
431 2196 520 2264 certi
545 2194 689 2262 Possidet
706 2196 792 2262 enim
804 2195 948 2262 validitas
965 2208 996 2264 et
1011 2195 1196 2281 legitimitas

216 2305 410 2379 contractus,
429 2299 533 2366 donec
561 2298 646 2364 de
619 2319 687 2385 epus
715 2297 859 2365 nullitate
875 2291 1018 2378 constet3
1038 2301 1195 2388 possidet

217 2403 354 2487 proinde
366 2401 531 2484 obligatio

262 2504 299 2570 5⁰
316 2506 349 2572 Si
370 2506 545 2572 dubitetur
552 2510 660 2572 utrum
685 2506 805 2574 iactum
826 2509 877 2576 sit
881 2528 976 2575 causo
998 2510 1133 2589 directa,
1153 2531 1192 2575 an

216 2607 321 2674 solium
346 2608 554 2676 occasionalis
581 2609 702 2676 damni
727 2611 835 2676 Siov.
866 2633 898 2696 g.
917 2611 1048 2677 Certum
1070 2627 1120 2678 cst
1140 2613 1192 2679 tali
1308 2703 1309 2706 Ἴ

216 2710 372 2798 lacto-jus
396 2710 626 2778 ulterius'esse
650 2710 856 2792 loedcndnm3
889 2713 1055 2784 dubitatur
1083 2727 1191 2780 antona
1308 2715 1309 2728 ¹

216 2818 324 2880 utadtn
340 2813 460 2882 lactum
476 2813 516 2881 sit
532 2835 627 2881 causa
642 2815 763 2882 directa
785 2835 822 2882 ac
837 2807 838 2810 '
846 2814 981 2902 proinde
1003 2815 1193 2883 naturalitas
1308 2847 1309 2910 3

215 2919 385 3005 injustum,
400 2943 441 2989 an
466 2923 543 2988 verb
559 2920 682 2986 tantiam
715 2939 810 2986 causa
837 2918 1044 2988 occasionalis
1068 2933 1102 2984 et
1123 2928 1190 2984 non
1308 2919 1309 2926 ’

215 3020 381 3107 injustum.

227 3131 234 3144 ’
259 3135 297 3200 l⁰
313 3135 346 3202 Si
374 3135 538 3202 dubitetur
572 3139 680 3201 utrum
697 3136 751 3222 J‘os
775 3133 907 3202 alterius
937 3138 1023 3202 certe
1044 3135 1190 3202 strictum

213 3237 398 3305 laedendum
421 3239 468 3304 sit
487 3259 544 3324 por
566 3237 683 3304 iactum
700 3237 831 3303 aliundb
857 3237 1005 3304 vestitum
1038 3238 1190 3305 omnibus

214 3343 451 3417 conditionibus
483 3343 739 3431 ad'injustitiana
767 3342 908 3410 strictam
938 3344 1114 3430 requisitis.
1138 3344 1188 3410 Sic

213 3463 243 3507 v·
261 3463 294 3526 g·
313 3447 451 3515 Venator
466 3445 591 3511 dubitat
607 3450 716 3512 utram
733 3447 797 3512 ictu
816 3467 877 3512 suo
903 3447 1039 3514 laesurus
1061 3447 1102 3512 sit
1126 3447 1185 3511 bo·

213 3542 333 3608 mincrn
355 3567 395 3612 an
410 3546 531 3624 iorom3
559 3560 641 3614 centa
660 3561 706 3614 ost
724 3549 892 3625 causalitas
910 3549 1043 3639 diiecto,
1064 3560 1184 3616 uertunt
