2712 4164
636 447 681 461 .-
705 409 836 510 na·-

262 555 427 619 indemnes
442 574 499 640 pro
511 553 656 639 expensis
672 573 752 639 quas
770 553 865 638 exigit
877 552 1018 620 filiorum
1028 553 1193 622 educatio.
1204 557 1239 622 2.

262 662 413 728 indecens
431 673 461 724 et
486 659 592 746 pietati
610 658 697 726 filiali
726 659 908 746 oppositum
932 657 1013 724 toret
1030 671 1064 724 ut
1086 675 1238 746 parentes

261 765 399 831 filiorum
429 767 516 830 mere
541 763 742 830 mandatores
759 775 790 828 et
806 763 846 828 ad
860 763 1016 828 rationem
1038 763 1237 832 administra-

260 873 354 939 tionis
371 869 501 955 obligati
519 869 709 936 habeantur.
732 866 901 937 -Voluitz
919 867 1002 952 Lege
1018 881 1154 934 constat.

304 1017 456 1104 Sepositis
472 1016 626 1082 limitibus
650 1015 830 1102 praedictis,
845 1014 985 1081 fiiiorum
1003 1014 1077 1100 jura
1100 1015 1240 1084 aliarum
1350 1090 1352 1102 ,

260 1145 468 1211 personarum
481 1123 610 1209 juribus
623 1119 827 1208 aequivalent.

304 1230 346 1292 Ex
362 1227 423 1293 hae
438 1229 655 1315 propositione
671 1227 921 1294 solvunturduoe
933 1224 1130 1312 quaestiones
1157 1227 1241 1294 inter
1352 1259 1355 1302 ;

260 1332 426 1416 theologos
441 1333 578 1416 agitatae.

307 1432 340 1501 i¹¹
353 1437 475 1520 Qumst.
488 1438 659 1520 Quodnam
661 1439 718 1520 jue
729 1435 845 1501 debeat
853 1434 1101 1521 fitius-[umidius
1108 1436 1143 1500 iu
1156 1435 1241 1500 bono

260 1548 279 1610 d
288 1544 478 1628 parentibus
494 1543 668 1610 concessa?

303 1653 398 1734 Rctp.
413 1651 512 1734 Hujus
525 1648 608 1734 juris
620 1649 762 1714 extensio
776 1647 938 1714 voluntate
950 1635 1120 1730 parentum
1132 1645 1241 1712 detet-

261 1755 410 1821 minanda
425 1765 483 1818 cst.

277 1845 280 1850 ¹
305 1857 415 1937 Porro,
431 1859 457 1924 si
475 1877 524 1924 res
537 1858 576 1928 sit
586 1856 689 1944 primo
703 1855 1041 1942 usueonsumptibiiis,
1052 1867 1124 1940 ug.
1139 1877 1242 1941 pecu·

261 1962 485 2040 nia‚,alimenta
497 1986 505 2042 ;
519 1975 667 2050 parentes
679 1977 850 2033 censentur
860 1963 1039 2028 concedere
1052 1962 1243 2030 dominium

260 2067 416 2154 pienum,
435 2069 494 2134 uisi
514 2089 607 2133 usum
631 2068 803 2156 specialem
817 2069 1046 2152 assignaverint
1059 2089 1067 2146 ;
1082 2103 1127 2116 -
1144 2069 1177 2138 st
1189 2089 1245 2135 res

261 2195 324 2239 non
342 2175 381 2240 sit
398 2175 501 2262 primo
511 2196 571 2239 usu
585 2173 1020 2262 consumptioilisparentes,
1033 2174 1101 2250 nisi¹
1111 2173 1244 2240 eontra-

261 2281 345 2348 rium
362 2293 497 2358 constet,
517 2275 687 2347 censentur
704 2278 777 2344 srliis
800 2281 979 2346 concedere
997 2299 1092 2356 usum
1115 2279 1241 2346 solum.

279 2423 283 2430 ·
305 2387 342 2448 θ’
359 2386 483 2466 Quaest.
497 2385 607 2448 Utrum
615 2386 862 2472 fitius-,semidea
871 2383 928 2466 jtto
939 2383 1056 2450 dodeot
1067 2384 1247 2450 tatanem

261 2479 423 2552 industrio
439 2490 600 2554 communi
614 2491 648 2554 t'n
658 2489 786 2572 seruitio*
797 2489 1008 2573 acquisitum
1024 2498 1064 2566 et,
1083 2489 1117 2552 io
1135 2488 1244 2574 itypo-

262 2593 342 2658 thesi
356 2593 565 2677 affirmativo,
589 2613 738 2678 qttaenam
754 2595 1000 2678 sitltttjttejurie
1027 2595 1196 2658 cetensio?

305 2698 353 2762 De
372 2698 533 2783 taquaest.
552 2709 634 2784 part.
653 2699 749 2780 neap.
777 2694 936 2782 Quaedam
952 2698 1061 2776 Certa,
1086 2699 1244 2784 quaedam

262 2804 484 2870 controversa.
650 2791 651 2794 ¹

288 2909 413 3002 ¹Certa:
430 2912 464 2976 i⁰
481 2909 726 2976 Filius-somnias
738 2907 791 2996 jus
804 2907 901 2976 habet
928 2907 960 2973 in
977 2907 1048 2975 haee
1065 2907 1168 2976 bona:

308 3018 338 3081 1.
359 3019 390 3082 Si
412 3030 610 3085 contractum
633 3013 791 3082 societatis
814 3033 925 3078 rerum
950 3001 989 3078 et¹
1009 3003 1074 3078 uon
1096 3011 1241 3077 fiotitum
1351 3083 1352 3088 ἵ

261 3132 332 3184 actu
353 3121 535 3186 authentico
563 3141 636 3185 eum
664 3133 755 3206 patre
769 3119 885 3184 inierit.
901 3157 943 3166 —
956 3118 1144 3204 Requiritur
1160 3137 1239 3183 cou-

262 3228 378 3288 tractus
404 3223 563 3287 societatis
589 3242 704 3286 verus:
731 3222 878 3308 Alioquin
902 3224 987 3317 iiiius
1014 3222 1145 3288 tituium
1174 3241 1239 3288 non

262 3327 407 3392 haberet.
420 3327 564 3394 -Actus
579 3325 803 3394 authenticus:
819 3328 948 3408 Constat
964 3330 1002 3392 ex
1017 3329 1082 3394 Art.
1103 3327 1191 3408 854<
1213 3331 1237 3406 ).

215 3577 218 3580 -
297 3547 333 3610 (t)
349 3549 413 3599 Aur.
429 3551 488 3601 eet.
497 3552 689 3614 ¹Parcillcment,
704 3549 723 3600 il
737 3551 803 3602 n’est
816 3563 848 3613 pa
861 3551 896 3600 du
911 3551 942 3600 de
957 3555 1061 3612 rapport
1073 3563 1141 3612 pour
1150 3549 1241 3600 lesos-

168 3633 173 3645 ·
263 3629 399 3679 socraticus
413 3631 487 3680 faites
505 3645 564 3683 sans
578 3635 666 3684 fraude
689 3634 762 3683 entre
788 3633 813 3685 le
836 3621 923 3682 desunt
943 3636 970 3681 et
982 3631 1034 3680 i'un
1048 3630 1095 3680 des
1109 3630 1238 3686 ueritiam,

264 3701 365 3768 lorsque
374 3709 605 3792 desconditionspen
620 3711 719 3790 ontett
729 3712 830 3777 renides
843 3725 932 3775 perun
943 3718 999 3762 acte
1014 3712 1190 3775 authentiquo
