2712 4164
644 449 689 467 -
714 389 844 486 tat-

250 559 487 648 religiosorum,
504 556 741 633 'monasteriis;
772 555 809 621 2⁰
838 557 871 621 in
900 553 983 622 bona
1016 552 1237 624 ecclesiastiea

252 661 624 754 temporeiletolutionis
640 674 806 748 usurpata,
826 679 940 726 eorum
954 659 1219 748 acquisitoribus.

294 823 438 893 Paterna
458 823 485 886 1.
520 821 568 888 De
587 821 665 904 jare
687 837 833 889 conterre
857 817 1064 886 Mortartcriir
1083 819 1125 886 itt
1149 817 1234 886 bona

251 929 489 1015 relipicrorrrm.

297 1083 325 1148 l.
340 1081 523 1166 Explicatis
539 1082 631 1166 lepis,

296 1187 374 1252 lara
388 1187 545 1264 naturali,
560 1185 727 1270 religiosus
745 1189 853 1250 volunt·
871 1184 1066 1272 paupertatis
1083 1185 1237 1252 emittens

253 1292 397 1380 privatur
422 1310 483 1357 usu
507 1289 593 1357 licito
618 1289 778 1356 bonorum
802 1309 950 1369 suorum,
971 1288 1062 1378 juxta
1084 1301 1234 1356 tenorem

254 1397 318 1462 voti
335 1407 366 1464 et
381 1395 646 1466 constitutionum
666 1395 838 1462 societatis.
852 1393 1102 1462 -Proliabilials
1125 1407 1237 1462 tamen

254 1502 399 1573 dominio
416 1501 577 1568 bonorum
590 1521 723 1570 suorum
735 1521 799 1567 non
816 1500 1144 1588 privaturpervotum
1156 1521 1239 1588 pau·

253 1608 396 1694 perlatis,
414 1607 510 1672 etiam
522 1606 679 1673 solemne.
697 1605 846 1672 Rationes
860 1602 957 1693 hujus
973 1601 1148 1692 opinionis,
1163 1623 1241 1692 quse

254 1711 293 1775 ad
310 1731 445 1796 scopum
476 1721 621 1776 nostrum
638 1710 876 1780 accidentaliter
895 1707 1119 1776 tantummodo
1136 1711 1239 1800 perti·

253 1827 320 1892 net,
338 1813 440 1880 rideri
452 1826 587 1902 possunt
599 1815 684 1902 apud
700 1811 744 1880 D.
766 1815 915 1882 Carriere
931 1813 996 1902 (l).

298 1919 376 1984 lare
390 1920 603 2001 aceknartico
614 1921 784 1998 communi,
800 1921 842 1990 ad
856 1918 1052 1991 monasteria
1072 1919 1243 2006 pertinent

254 2023 338 2090 bona
355 2023 578 2110 religiosorum
595 2027 724 2114 proprie
736 2026 909 2105 dictorum,
929 2046 994 2093 noa
1008 2032 1084 2092 tero
1102 2024 1237 2112 religia-
1335 2035 1336 2052 ¹

253 2121 369 2196 sorur'n'
379 2131 552 2220 improprie
565 2131 737 2198 dictorum.
761 2132 978 2220 (Appellantur
994 2130 1134 2216 religiosi
1146 2152 1235 2216 pro·

250 2236 324 2322 pris
343 2236 431 2316 dicti,
461 2237 516 2324 qui
549 2236 704 2306 solemnia
733 2250 804 2303 vota
830 2237 1023 2315 emiserunt;
1053 2237 1239 2322 inproprie
1334 2263 1335 2276 ÷

254 2341 343 2421 dicti,
361 2341 586 2430 quisimplicia
603 2343 782 2436 tantuml„
834 2403 837 2412 ,
1051 2424 1054 2432 1

298 2447 375 2512 lare
393 2449 532 2530 proprio
557 2448 689 2526 Gottioe,
724 2447 865 2532 religiosi
888 2448 1017 2536 proprie
1038 2446 1114 2513 dicti
1142 2458 1238 2514 erant
1333 2479 1334 2516 3

255 2549 346 2634 quasi
373 2549 506 2616 civiliter
525 2552 666 2630 mortui,
688 2571 867 2642 eorumque
888 2553 973 2620 bona
995 2551 1175 2624 transibant
1195 2551 1237 2618 ad

254 2673 467 2720 successores.

297 2759 400 2838 Nunc,
419 2780 457 2826 ex
471 2760 635 2850 principiis
660 2761 692 2834 in
716 2764 850 2830 materia
864 2774 1015 2830 uotorum
1031 2762 1071 2830 ab
1085 2762 1236 2830 vllcolesit
1332 2827 1333 2856 1

254 2864 414 2946 admissis,
440 2866 519 2934 nulli
536 2880 611 2933 sunt
630 2868 662 2936 in
691 2868 791 2934 Gallia
821 2867 960 2954 religiosi
988 2867 1117 2958 proprie
1141 2867 1233 2934 dicti.

254 2969 447 3038 Solemnitas
463 2973 550 3040 eninr
565 2985 714 3043 votorum
737 2974 959 3059 exigituotum
975 2972 1138 3051 castitatis,
1157 2970 1235 3039 obe

139 3157 141 3164 y
254 3074 382 3142 dientiae
399 3089 430 3142 et
450 3079 644 3166 paupertatis
660 3079 823 3166 periectae3
837 3099 935 3167 porro
948 3079 980 3145 ia
993 3077 1094 3144 Gallia
1110 3077 1234 3164 impos·
1331 3079 1332 3148 3

252 3177 346 3248 sibile
363 3194 411 3247 est
425 3194 536 3248 votum
563 3183 757 3272 paupertatis
771 3183 934 3273 perfectae,
958 3189 1032 3250 cium
1053 3183 1104 3250 lex
1131 3182 1232 3250 civilis
1331 3177 1332 3181 ’

254 3297 420 3351 conservet
444 3287 594 3372 religioso
615 3289 718 3382 juslin
743 3291 952 3380 proprietates
973 3311 1061 3358 suas.
1080 3287 1157 3356 llaec
1184 3299 1232 3354 est

254 3389 287 3454 S.
315 3389 571 3473 Poenitentiariae,
596 3395 709 3463 saltent
731 3398 838 3485 quotu
859 3409 929 3464 rota
950 3394 1126 3464 mulierum
1160 3392 1229 3481 opi-

282 3615 321 3702 pl)
340 3619 550 3682 resuscitata
571 3625 627 3675 tut.
