2588 4178
623 353 802 419 ..7p...

266 497 311 566 ad
344 495 440 584 liujus
464 495 689 583 propositionis
716 495 959 582 explicationem
993 493 1140 578 legantur
1162 499 1194 562 l⁰

216 604 279 670 Tit.
298 605 325 670 x
343 603 422 672 Cod.
442 603 502 670 eir.
523 645 532 682 ‚
552 603 601 666 De
617 603 733 679 tctcld;
752 601 893 684 2⁰‚leges
914 601 1068 686 speciales
1086 603 1127 668 de
1144 606 1197 668 nd·

217 710 450 776 ministratione
467 706 627 773 bonorum
645 707 833 772 societatum
847 705 1111 792 particularium..

261 817 307 884 ΙΙ.
330 817 425 882 Velor
440 817 557 899 infore
574 813 784 879 tortsoientioe.

261 907 387 1009 Duplex
401 919 456 1007 jus
466 941 524 1006 per
536 919 618 986 hanc
634 917 740 1004 legem
754 917 953 994 conceditur,
966 917 1099 983 seilicet:
1114 920 1149 984 l⁰
1160 933 1200 985 tu·

218 1028 291 1107 tori,
311 1045 521 1112 quocumque
533 1025 663 1090 nomine
676 1023 871 1111 appelletur,
887 1020 942 1108 jus
959 1023 1201 1091 administrandi

222 1131 307 1196 bona
320 1127 432 1218 pupilli
444 1151 452 1209 3
465 1129 501 1194 2⁰
513 1127 647 1216 pupillo,
663 1134 868 1214 quacumque
879 1127 976 1192 etiam
989 1127 1201 1215 appellatione

222 1235 422 1320 designetur,
433 1233 487 1322 jus
497 1233 643 1319 exigendi
657 1235 797 1300 a'tutore
808 1235 1104 1321 compensationem
1119 1237 1204 1304 dam·

217 1363 334 1408 norum
351 1361 388 1408 ex
406 1341 488 1407 mala
505 1341 781 1407 administratione
795 1339 858 1406 sibi
874 1339 1132 1426 obvenientium.

263 1449 361 1516 Porro
378 1460 554 1536 utromque
568 1447 625 1537 jus
646 1447 730 1516 valet
750 1449 782 1514 in
807 1447 1016 1514 couscientia.
1035 1448 1201 1535 Siquidem

217 1555 528 1644 auetoritaspubliea
546 1555 649 1642 potuit
660 1568 692 1620 et
703 1554 857 1630 noluiteis
865 1554 1047 1620 concedere
1055 1555 1196 1622 valorem

219 1663 252 1727 iu
267 1661 339 1730 ioro
355 1661 620 1728 conscientiae-
631 1658 737 1725 Potuit
754 1682 762 1725 a
783 1659 825 1726 Ex
837 1664 900 1726 una
918 1660 1004 1725 enim
1021 1672 1125 1746 parte,
1141 1661 1199 1726 nti-

219 1767 257 1832 lis
273 1779 305 1831 et
322 1765 485 1831 moraliter
503 1765 681 1832 necessaria
698 1777 747 1830 est
763 1764 892 1852 pupillis
908 1766 1142 1833 administratio
1154 1781 1200 1832 tn·

0 1883 2 1898 ’
113 1915 115 1924 .
219 1867 307 1934 toris.
326 1867 370 1932 Ex
385 1865 484 1932 altera
500 1878 601 1954 parte,
620 1870 707 1954 saepe
724 1866 856 1947 inutilis,
870 1869 936 1936 imo
948 1881 979 1937 et
994 1869 1100 1936 noxia.
1122 1869 1200 1936 soret

219 1971 452 2041 administratio
465 1983 621 2052 tutorum,
636 1973 661 2038 si
680 1995 742 2062 non
761 1985 946 2042 tenerentur
962 1973 1003 2040 da
1021 1973 1196 2043 damnisex

218 2077 302 2146 mala
321 2077 597 2144 administratione
614 2081 836 2168 sequentibus.
853 2089 895 2128 -'—
912 2079 1046 2150 Volttit':
1074 2082 1198 2148 Tenere

219 2183 299 2268 legis
315 2197 449 2252 constat.
511 2217 515 2224 ·
556 2193 592 2200 ”
986 2198 989 2206 ’
1125 2203 1161 2212 ··

154 2367 155 2370 Ἴ
263 2289 409 2357 Attamen
425 2313 489 2358 non
503 2288 578 2358 iudd
590 2292 735 2378 sequitur
747 2292 905 2380 pupillum
917 2299 1128 2382 usurpantem
1146 2295 1201 2360 bo·

219 2417 337 2462 norum
365 2399 853 2479 suorum‘administrationem,
887 2413 918 2466 ot
948 2413 1089 2467 tutorem
1117 2402 1199 2466 bona

220 2503 332 2590 pupilli
346 2504 429 2570 male
446 2505 736 2584 administrantem,
756 2527 794 2572 eo
812 2507 881 2593 ipso
897 2507 937 2570 ad
950 2513 952 2516 ’
967 2507 1201 2594 restitutionem

160 2609 165 2614 ’
220 2611 333 2676 teneri.
354 2613 418 2678 Hoc
435 2613 553 2700 patebit
580 2633 616 2678 ex
648 2613 792 2678 dicendis
810 2612 870 2678 sub
889 2612 979 2678 titulo
1007 2635 1045 2680 oc
1062 2615 1201 2682 Resurr-

180 2761 182 2768 ι
218 2737 317 2784 rtouu.

616 3014 742 3082 CAPUT
760 3017 796 3081 ll.

274 3189 278 3198 “
405 3195 537 3277 uejnre
552 3195 709 3274 Dominir‘,
724 3215 779 3260 seu
793 3197 1018 3280 Proprietotia.
1038 3192 1042 3198 ’
1096 3251 1098 3254 .
1115 3272 1118 3278 ι

168 3391 171 3394 -
259 3348 326 3414 -Lex
351 3346 452 3416 civilis
474 3347 620 3414 coneedit
647 3349 827 3416 dominium
846 3351 1036 3438 perlectum,
1049 3349 1200 3416 mneritas

152 3469 153 3477 ¹
221 3455 470 3538 proprietatibus
495 3439 684 3544 hujusmodi
697 3453 781 3543 juris
805 3459 916 3543 quoad
935 3456 1157 3522 extensionem
1172 3468 1201 3519 et

136 3623 138 3628 .
222 3555 424 3648 durationem
452 3563 629 3643 remitam,-
649 3565 683 3632 in
710 3561 835 3649 oltjeetn
854 3564 914 3628 sub
928 3637 929 3642 ἵ
942 3561 1039 3628 titulis
1057 3581 1199 3647 ⁴seqrron-

221 3659 308 3724 tibus
324 3667 538 3746 exponenda:
613 3683 619 3729 ς
