2588 4178
613 377 792 443 ...55-

221 525 271 590 tiss
287 517 472 588 immediate
487 518 655 586 concessit.
677 515 834 584 oriuntur
849 516 998 589 mediate
1019 539 1027 582 t
1046 516 1200 604 siquidem

219 625 476 693 transmittuntur
490 621 651 690 mediante
660 620 871 709 precedentis
885 621 1088 710 possessoris
1100 621 1202 689 volun·

219 729 430 798 tate—ldem
447 726 620 797 dicendum
635 726 677 792 de
688 723 818 816 juribus
835 725 1004 795 concessis
1018 747 1078 814 per
1088 726 1198 810 legem,

219 837 284 902 sive
307 832 445 911 civilem,
475 831 541 898 site
563 830 824 898 ecclesiasticam.
852 829 1056 898 Orinntura
1078 828 1147 898 Deo
1161 835 1200 896 :l

218 939 287 1008 Deo
309 939 395 1014 enim
420 935 601 1004 dominium
621 934 734 1003 altum.
762 935 921 1004 Oriuntor
939 937 1084 1008 mediate
1103 959 1111 1004 ε
1133 941 1199 1005 curn

218 1043 422 1112 concesserio
433 1041 563 1108 veniant
577 1042 741 1110 mediante
760 1041 843 1129 tege,
862 1063 923 1113 sen
940 1043 1113 1114 uoluntate
1131 1063 1200 1110 nuc·

219 1149 368 1227 totitatis,
386 1149 453 1214 sive
465 1145 576 1226 civilis,
592 1147 657 1214 sive
669 1146 906 1214 ecclesiastice.

263 1253 409 1342 Triplicis
433 1271 509 1338 ergo
531 1253 648 1340 speciei
673 1254 810 1322 existunt
829 1251 906 1342 jura
921 1256 1072 1325 mediate
1093 1259 1117 1330 it.
1135 1251 1199 1320 Deo

218 1379 383 1440 concessa,
403 1361 429 1427 si
442 1359 549 1448 quoad
563 1359 721 1444 originem
732 1357 996 1441 considerentur,
1011 1360 1152 1427 scilicet:
1167 1357 1197 1422 1⁰

216 1464 292 1554 jura
325 1485 362 1533 ex
379 1477 564 1546 contractu;
582 1465 620 1532 2⁰
633 1463 707 1552 jura
729 1485 769 1532 ex
795 1463 867 1550 lege
893 1464 1000 1546 civili3
1020 1464 1059 1532 5ο
1076 1465 1150 1554 jum
1167 1482 1200 1530 ex

216 1570 290 1660 tege
305 1571 520 1642 ecclesiastica
532 1570 706 1638 manantia.
724 1569 774 1638 De
785 1569 906 1657 quibus
922 1567 1197 1660 nuncngentlutn.

440 1801 443 1808 ·
537 1775 710 1830 montosus
729 1779 883 1836 anvtm.

233 1957 236 1962 ·
265 1923 347 1990 Cittn
362 1907 526 1990 voluntate
544 1919 686 1990 hominis
705 1935 736 1991 et
754 1923 827 2011 lege
846 1911 931 1994 civili
950 1927 1197 1994 transmittantur

220 2027 478 2122 concorporales,
494 2017 713 2118 incorporales
726 2055 735 2113 ;
758 2034 908 2114 mobiles,
922 2035 1136 2126 ‘immobilesp
1149 2028 1195 2118 jus

217 2133 437 2224 proprietatis,
455 2133 659 2216 usulructtls,
675 2143 772 2220 usus,
789 2138 1015 2230 habitationis,
1028 2135 1194 2214 servitutis;

218 2241 250 2308 in
267 2252 469 2309 antecessum
485 2240 579 2306 -10
606 2242 792 2331 explicanda
810 2245 1017 2314 sunthorum
1032 2245 1194 2316 verborum

218 2367 332 2414 sensns
359 2359 391 2414 et
414 2345 556 2414 extensio
577 2347 670 2436 juxta
688 2351 794 2438 legem
816 2351 964 2432 civilem;
989 2375 1029 2420 ex
1053 2354 1091 2425 iis
1116 2347 1192 2418 enirn

218 2452 337 2541 pendet
359 2453 459 2542 ipsius
483 2453 698 2523 concessionis
723 2477 837 2524 sensus
854 2469 886 2524 et
908 2459 1058 2528 extensio
1071 2481 1080 2538 ;
1095 2493 1136 2507 -
1157 2451 1193 2520 2⁰

217 2559 432 2647 qtroerendum
459 2565 566 2628 utrixm
579 2562 642 2630 illae
652 2563 854 2642 definitiones
866 2576 898 2630 et
912 2562 1191 2634 determinationes

218 2665 297 2751 legis
323 2665 422 2735 civilis
447 2667 572 2735 valeant
599 2669 632 2734 in
665 2666 735 2734 loro
761 2667 985 2748 conscientiam
1022 2670 1095 2763 hoec
1114 2661 1190 2732 enim

217 2771 356 2858 cognitio
369 2774 505 2862 pertinet
516 2775 557 2840 ad
576 2773 777 2862 theologum,
804 2777 880 2842 citm
903 2765 943 2843 sit
959 2768 1139 2862 necessaria
1155 2761 1190 2832 ad

217 2880 421 2948 conscientiae
438 2881 664 2950 directionem.

261 3081 289 3146 Ι.
308 3081 491 3169 Explicatis
503 3079 780 3164 ontoromjoato
796 3083 895 3168 lepern
910 3081 1049 3148 ciuilem.

260 3271 357 3342 Nota.
370 3271 448 3336 ilem
460 3267 647 3349 summatim
663 3267 879 3350 absolvemus,
897 3270 1056 3358 quosdam
1074 3260 1188 3332 nomm

216 3375 392 3456 indicantes
417 3374 568 3444 articulos
592 3375 683 3462 legis.
711 3365 1181 3458 Omnesxtranscriberaillos·

217 3500 281 3564 que
293 3481 450 3570 explicare
462 3502 526 3553 non
540 3483 763 3571 aggredimnr3
788 3482 915 3564 omissis
928 3483 1014 3562 enirn
1024 3465 1186 3568 jurisperb

217 3596 322 3650 torum
342 3588 670 3675 interpretationibus,
691 3609 829 3678 quarunt
857 3589 1087 3680 expositionem
1108 3571 1184 3646 tini·

218 3703 263 3755 tes
283 3695 433 3758 tractatas
459 3712 521 3760 non
546 3699 746 3780 permittunt,
768 3696 958 3784 plerumque
975 3687 1183 3784 periculosum
