2588 4178
524 272 567 284 -
591 230 700 301 tt...

117 376 211 440 illurn
229 372 407 439 attribuunt
431 373 563 439 tlatnino
580 375 622 439 ob
652 375 800 462 injuriant
826 394 883 463 pur
901 373 1105 446 effossionem

117 481 257 544 illatam.
272 515 312 526 -—
324 479 414 544 Untlc
431 481 531 566 pri-rna
555 481 650 546 etiarn
682 493 756 548 ante
773 483 962 548 sententiam
979 507 987 562 ;
1005 485 1101 554 altera

15 605 16 630 ³
116 587 247 652 tanturn
265 587 539 674 postscntentiarn
551 587 672 673 judicis
689 587 959 655 restituendaest.
975 581 1052 656 Nam
1068 593 1103 658 in

117 711 243 778 genere
255 689 418 768 debitam,
438 691 467 756 vi
485 691 563 776 legis
581 693 809 779 proprietatem
823 708 934 760 rerum
951 695 1102 764 deterrui·
1124 715 1126 722 ’

15 851 17 866 t
119 798 241 876 nantis,
263 796 391 882 obligat
412 809 491 862 'anto
523 799 713 864 sententiam
732 799 851 888 judicis
867 823 883 879 ;-
905 819 997 887 paena
1026 805 1101 868 vero

15 955 17 990 χ
117 905 226 989 gravis
243 904 341 970 activa
370 902 490 987 obligat
517 904 639 970 tanttint
664 917 735 991 post
757 905 953 972 *sententiam
964 905 1097 992 judicis.

119 1013 222 1076 Porro
239 1011 340 1096 prltna
359 1011 515 1077 medietas
538 1011 642 1098 pritntt
663 1009 884 1092 titulosalteta
902 1015 1046 1084 secundo
1064 1016 1101 1084 tt·
1168 1105 1173 1112 ,

117 1118 187 1184 tulo
210 1115 360 1183 tleltetur.

15 1273 17 1300 ÷
120 1245 125 1252 ·
160 1224 299 1289 Econtra'r
319 1235 487 1290 extraneus
507 1225 561 1311 jus
581 1223 734 1292 habetati
757 1225 896 1292 mediam
918 1239 1057 1314 partem,
1074 1229 1100 1294 si

15 1323 17 1352 ³
119 1329 245 1416 absque
260 1329 290 1394 ri
303 1329 461 1396 et-lrautle
473 1333 491 1394 a
505 1330 637 1398 domino
649 1331 824 1397 obtinuerit
846 1331 1007 1398 licentiam
1022 1331 1101 1400 siut·-
1117 1368 1119 1372 ·

119 1435 236 1522 plicent
254 1436 422 1521 quaerentll
442 1436 652 1516 tlrcsaurun13
670 1437 709 1504 ad
728 1449 830 1502 totum
854 1436 1055 1514 thesaurum,
1074 1437 1100 1504 si

120 1561 181 1605 non
199 1540 306 1605 solunt
323 1539 504 1627 permiserit
522 1541 685 1620 dominus,
704 1542 762 1607 secl
779 1540 875 1608 ctiam
892 1541 1098 1610 renuntiato.

120 1649 157 1714 rit
173 1649 256 1736 parti
279 1649 318 1713 acl
333 1649 492 1736 qtratnjus
503 1647 650 1714 habetest
665 1649 748 1734 lege]
768 1650 904 1716 lutentio
926 1661 1033 1718 aulctn
1047 1649 1099 1737 ju·

120 1756 244 1822 dicatur
260 1775 296 1821 et
312 1755 417 1822 verbis
434 1756 650 1822 concessionis
666 1770 721 1824 aut
752 1755 1015 1824 circumstantiis

133 1973 138 1984 ¹
161 1887 206 1953 tt.
230 1879 326 1954 Valor
341 1888 456 1973 irtsorc
473 1887 685 1954 conscientie.

171 2021 232 2086 lox
250 2020 400 2107 ptaetlicta
423 2021 506 2088 valet
531 2023 562 2087 iu
589 2005 664 2088 ¹foro
692 2019 909 2087 conscientias.
929 2017 981 2085 Est
1012 2021 1098 2086 enirn
1187 2040 1192 2048 ’

121 2127 208 2213 quasi
237 2127 393 2194 sententia
421 2114 619 2196 auctoritatis
636 2121 1026 2216 pultlicae'pronuntiantis
1055 2125 1097 2191 de

116 2234 242 2320 juribus
258 2237 488 2324 controversis,⁴
504 2257 541 2303 ac
558 2236 694 2325 proinde
719 2231 930 2302 contentiosis
946 2233 1030 2300 inter
1044 2231 1094 2298 in·

120 2353 284 2406 ventorcrn
307 2339 448 2406 thesauri
465 2354 496 2406 et
507 2359 731 2428 possessorem
748 2341 852 2410 laudi·
871 2343 969 2412 Porro
985 2345 1098 2434 hujus·

121 2445 203 2510 rnotli
221 2446 388 2511 sententiae
405 2445 585 2531 legitimitas
598 2448 750 2536 possidet,
770 2448 873 2517 donec
889 2447 958 2538 ejas
972 2451 1097 2538 illegiti-

120 2551 209 2616 ntitas
227 2549 324 2638 luerit
344 2551 490 2640 probata.

163 2697 210 2759 Dc
219 2696 296 2778 jure
312 2696 345 2762 itt
360 2698 420 2762 llas
439 2695 589 2762 amissas.

160 2841 286 2907 Titulus
303 2863 444 2931 praesens
458 2853 505 2906 cst
515 2837 606 2926 quasi
624 2834 1000 2924 extensiopraecodenns.
1017 2837 1097 2906 lirc-

120 2947 202 3012 sauri
222 2947 308 3012 enirn
325 2961 400 3012 sunt
418 2967 468 3012 rcs
485 2945 611 3024 arnissoc
628 2939 868 3029 ctabsconditae
885 2940 916 3006 in
933 2963 1013 3028 quas
1031 2943 1098 3012 nul·

120 3051 167 3118 lus
184 3054 322 3141 proba-re
341 3067 443 3141 potest
456 3053 681 3142 proprietatem
696 3072 802 3118 suam.
816 3050 893 3116 ltern
905 3049 1096 3118 tusutnissae

120 3173 191 3225 sunt
216 3160 307 3246 quasi
334 3159 491 3237 thesauri,
521 3177 585 3223 non
607 3155 785 3223 absconditi
811 3167 930 3234 tanen,
956 3173 1095 3242 quarunt

121 3259 461 3354 sae'pissitnir'tlotninus
485 3261 620 3330 inveniri
639 3283 701 3328 non
720 3274 836 3349 potest.

163 3374 248 3440 (llirn
277 3374 309 3438 in
335 3369 434 3441 ttatttt
452 3375 539 3456 loges
561 3373 602 3437 dc
620 3371 816 3458 proprietate
834 3389 947 3436 rerutn.
962 3369 1095 3440 antissa-

123 3499 188 3542 nnn
214 3481 408 3547 statuebant.
433 3479 540 3544 Cotlcx
560 3477 660 3544 civilis
685 3477 839 3560 declarat,
859 3478 924 3544 Art.
951 3477 1030 3557 717,
1054 3477 1095 3543 tlc

124 3583 214 3650 rebus
232 3583 356 3650 amissis
371 3583 576 3650 statuendam
590 3605 646 3672 per
658 3585 745 3672 leges
755 3585 962 3672 particulares
978 3605 986 3662 3
999 3601 1095 3670 ponc
