2588 4178
656 355 830 432 ...32-

254 507 405 598 qualitate
436 511 539 578 satiari
567 510 793 578 facultatuma
825 511 893 576 Deo
922 507 1254 576 institututionem

253 617 388 705 proinde
398 617 597 705 inaequaiitus
613 616 795 684 dinitiarum
810 597 963 682 uoluntati
976 613 1093 680 divinae
1110 625 1255 680 contra-

254 723 355 799 dicat,
372 735 404 788 et
426 723 465 789 sit
481 723 614 810 injusta3
632 726 774 790 econtra
791 722 956 810 aequaiitas
973 720 1165 787 divitiarum
1186 743 1249 786 ve-

252 826 366 894 luntati
382 829 499 896 divinas
514 841 545 896 et
557 829 688 916 justitiae
705 843 935 917 opponeretur.

302 937 405 1024 otjtc.
425 938 463 1003 4⁰
479 939 568 1003 Deus
580 935 730 1002 omnibus
747 935 932 1002 hominibus
945 933 1103 1002 concessit
1124 933 1186 1020 jus
1199 934 1245 999 ud

253 1047 469 1123 laboremus
495 1041 631 1129 proinde
650 1041 703 1128 jus
728 1043 767 1107 ad
792 1042 1003 1110 instrumenta
1020 1040 1158 1119 laboris,
1181 1061 1243 1106 seu

254 1152 294 1217 ad
313 1171 349 1217 ea
367 1149 437 1215 sinc
452 1146 572 1234 quibus
588 1146 680 1212 labor
696 1161 744 1213 cst
760 1145 978 1234 impossibilis.
997 1147 1109 1223 Porro,
1130 1145 1242 1232 positu

253 1253 459 1344 proprietate,
479 1270 649 1342 pauperes,
668 1252 723 1338 qui
740 1271 876 1318 numero
895 1250 1007 1317 divites
1023 1249 1167 1316 muitum
1183 1271 1241 1316 su·

253 1373 378 1450 perant,
398 1355 617 1426 instrumentis
641 1359 682 1424 sd
706 1359 865 1438 laborem,
891 1357 1027 1445 proinde
1050 1357 1170 1424 mediis
1196 1359 1240 1423 ad

252 1461 582 1543 victumnecessariis,
597 1463 775 1551 privantur

263 1572 391 1658 Hesp
410 1571 498 1636 Deus
515 1573 625 1636 revera
646 1569 805 1634 concessit
821 1569 874 1655 jus
892 1570 931 1635 nd
960 1570 1116 1645 laborem,
1139 1569 1182 1634 ita
1202 1577 1237 1634 ut

253 1679 322 1746 sine
338 1676 490 1762 injustitia
505 1675 604 1739 homo
621 1693 681 1738 usu
694 1673 881 1742 facultatum
899 1675 1015 1763 privari
1033 1694 1097 1740 non
1116 1674 1231 1761 possit,

253 1782 314 1846 nisi
331 1781 414 1846 adsit
429 1799 524 1844 causa
542 1776 764 1844 sufficiens—
781 1808 795 1838 «
812 1781 892 1866 Ergo
913 1779 1231 1847 eoncessitomnibus

249 1887 303 1974 jus
316 1887 356 1954 ari
374 1885 583 1951 instrumenta
594 1883 736 1958 laboris:
758 1887 868 1955 »Vera
885 1899 932 1952 cst
949 1887 1018 1952 haec
1034 1907 1231 1974 consequen·

253 1993 308 2072 tiu,
329 1993 360 2058 in
376 2013 421 2058 eo
437 2012 534 2058 sensu
556 1991 643 2078 quod
661 1989 784 2078 absque
806 1991 924 2080 injurii
950 1993 1096 2059 homines
1113 1993 1229 2081 privari

253 2119 317 2166 non
336 2099 458 2188 possint
473 2096 624 2164 facultate
644 2098 855 2165 instrumenta
868 2098 962 2185 justis
984 2097 1098 2164 mediis
1119 2100 1227 2186 acqui-

253 2205 367 2286 rendis
385 2227 449 2272 non
467 2205 588 2271 veroin
608 2225 646 2271 eo
663 2223 759 2270 sensu
776 2206 864 2292 quod
882 2206 1009 2296 exigere
1025 2205 1225 2292 possintcest·

253 2312 377 2377 sionem
408 2312 696 2380 instrumentorum
729 2325 803 2396 quae
832 2310 944 2378 labore
968 2329 1027 2376 suo
1047 2312 1133 2397 juste
1161 2333 1224 2378 non

252 2418 531 2504 acquisierunt.—
543 2417 611 2481 Non
625 2416 855 2502 indesequitut·
868 2437 1025 2505 pauperes
1038 2417 1225 2487 instrumen

254 2521 433 2586 tisiaboris
448 2521 628 2586 necessario
650 2521 821 2606 privandos
838 2543 928 2601 essc3
947 2524 1096 2612 pauperis
1112 2527 1223 2612 nempe

253 2625 425 2692 iubentem
451 2625 651 2692 necessarius
667 2640 714 2692 est
736 2629 836 2707 diuiti,
855 2634 952 2716 quam
969 2631 1102 2720 pauperi
1119 2651 1221 2697 neccs-

254 2731 335 2798 saria
365 2744 438 2797 sunt
455 2731 665 2798 instrumenta
683 2733 801 2800 laboris
817 2734 858 2800 ad
874 2734 1004 2800 divitem
1023 2734 1223 2821 pertinentius.

256 2837 390 2926 insuper
412 2839 499 2905 Deus
515 2838 763 2924 lege'citaritatis
784 2841 872 2906 diviti
891 2841 1044 2928 praecipit,
1061 2853 1096 2906 ut
1110 2841 1218 2908 subve-

252 2943 318 3008 nist
335 2943 484 3032 pauperis
501 2943 755 3024 necessitutibus,
780 2947 807 3011 ei
826 2946 1001 3034 praebendo
1018 2947 1217 3015 instrumenta

252 3049 385 3128 laboris,
402 3063 457 3114 out
474 3053 509 3114 ea
522 3069 595 3134 quoa
611 3051 782 3117 ari'victum
793 3066 867 3117 sunt
879 3053 1218 3120 necessaris.'Tantiem

253 3163 404 3218 extremae
416 3155 596 3218 necessitati
614 3156 776 3242 provisum
793 3169 840 3224 est
854 3160 1064 3247 permissione
1077 3160 1216 3225 concessu

253 3257 405 3324 omnibus
422 3257 476 3344 qui
487 3258 602 3322 suntin
619 3256 681 3326 hoc
697 3273 779 3327 statu
799 3263 859 3329 sibi
876 3265 1115 3352 appropriandi,
1130 3267 1216 3332 etiarn

253 3363 513 3441 invito'domino,
533 3381 659 3450 eaquae
672 3364 732 3431 sibi
749 3366 883 3454 aliisque
898 3370 1077 3436 necessaria
1094 3384 1172 3436 sunt.

301 3471 402 3552 osjtr.
419 3473 455 3538 5⁰
471 3469 596 3536 Divitiae
607 3471 989 3559 perlaboremcreautur,
1000 3475 1217 3544 ¹'laborantibus

254 3574 388 3658 proinde
416 3576 594 3654 debentur3
622 3599 731 3663 porro,
758 3579 897 3646 admissi
914 3567 1217 3670 proprietate-,saepe
1284 3638 1291 3670 p,

253 3675 653 3746 tiiv‘itiisotiosiiruuntur.
763 3687 767 3692 '
1244 3690 1245 3693 ’
