2622 3976
596 189 797 256 466-

258 328 296 426 βο
308 331 350 396 Ex
362 330 433 414 lege
449 329 537 398 civili
566 331 716 396 oriuntur
726 327 925 396 conditiones
942 329 982 395 ad
999 328 1193 398 validitatem

213 435 434 499 contractuum
450 433 604 500 civilium.
623 432 703 503 Vera
720 431 910 520 propositio,
926 432 951 496 si
965 434 1141 500 auctoritas
1156 436 1193 500 ci-

214 537 283 604 vilis
306 539 404 625 possit
424 559 461 604 ac
481 538 557 605 velit
580 536 768 624 hujusmodi
794 536 994 628 conditiones
1014 539 1191 605 instituere.

214 644 321 730 Atqui,
332 681 378 694 -
389 645 518 712 Potest:
538 644 715 732 Siquidem,
727 643 755 708 vi
772 642 827 708 alti
841 643 988 724 dominii,
1005 655 1113 730 potest
1125 645 1192 732 jura

216 749 333 818 civium
355 750 548 833 restringere
574 747 698 815 ratione
727 747 803 813 boni
829 745 963 834 publici.
977 785 1022 798 ·-
1037 749 1136 816 Vult:
1161 751 1193 814 ld

217 853 375 922 constabit
390 853 519 920 exinlrb
541 853 685 920 dicendis
712 853 744 918 in
771 854 1014 919 enumeratione
1039 854 1191 920 conditio·

215 977 294 1022 num
310 961 327 1024 b
344 958 415 1044 lege
427 958 509 1024 civili
525 957 753 1024 institutarum.

265 1077 388 1162 Quaest.
401 1074 438 1140 2⁶
453 1075 607 1156 Quonam
618 1074 683 1138 sint
693 1073 892 1138 conditiones
905 1075 1067 1158 requisitu
1083 1075 1133 1140 od
1142 1095 1192 1141 vu-

218 1184 398 1251 liditotem?

261 1302 357 1386 Hesp.
376 1299 409 1364 ln
434 1319 552 1384 genere
576 1296 749 1385 requiritur
767 1307 798 1360 et
829 1294 945 1362 suffieit
967 1308 1110 1362 utcnusa
1128 1317 1193 1363 con·

218 1411 336 1475 tractus
353 1402 603 1491 (contrahentes)
615 1403 730 1488 possit,
747 1401 841 1479 velit,
854 1401 930 1467 velit
957 1403 1190 1468 convenienter.

219 1513 407 1578 Contractus
419 1511 504 1575 enim
518 1508 685 1576 ordinatur
696 1507 735 1574 ad
746 1507 983 1574 translationem
990 1506 1087 1594 juris,
1101 1521 1193 1574 trans·

218 1617 292 1681 latio
308 1614 506 1698 nutemjuris
517 1625 565 1680 est
576 1613 707 1680 effectus
717 1613 750 1678 in
760 1612 873 1680 ordine
885 1612 1190 1700 moraliproductus3

218 1720 363 1798 effectus,
381 1718 501 1784 scilicet
517 1719 609 1803 quasi
633 1730 739 1784 motus
763 1716 868 1804 juris3
887 1719 920 1782 in
936 1718 1050 1784 ordine
1067 1719 1191 1794 morali,

214 1823 269 1912 jus
295 1823 382 1890 enim
411 1832 458 1886 est
476 1821 588 1887 relatio
610 1819 753 1886 moralis.
779 1823 890 1900 Porro,
917 1821 1048 1888 effeetus
1059 1823 1194 1909 quilibet

217 1924 369 2011 supponit
392 1941 521 1988 causam
550 1941 719 2009 capacem3
747 1923 878 1990 effectus
904 1924 1035 1989 moralis
1062 1923 1195 2010 requirit

217 2029 348 2116 insuper
360 2047 502 2107 causam,
521 2028 821 2104 causamvolentem
839 2027 999 2110 ellectum,
1015 2042 1046 2096 ct
1063 2031 1193 2118 quidem

219 2130 549 2199 modoconvenienti.
618 2142 620 2148 '

262 2250 344 2330 Quae
362 2249 561 2316 conditiones
574 2250 758 2334 singillatim
774 2263 848 2318 sunt
860 2251 1058 2318 evolvendae,
1077 2322 1080 2324 ,

260 2362 374 2428 Primo
394 2364 596 2430 conditio-
613 2364 853 2432 Causancssrr:
873 2365 910 2430 Id
927 2377 986 2442 est,
1002 2364 1099 2432 ambo
1117 2385 1191 2431 eon·

217 2467 377 2536 trahentes
393 2469 515 2566 possint
531 2469 764 2537 contraherem
778 2489 911 2554 genere,
930 2470 1153 2550 contrahere
1143 2489 1190 2556 ιιι

215 2583 264 2636 ter
279 2592 326 2650 se,
350 2560 571 2640 contrahere
562 2584 645 2638 rnter
670 2593 704 2636 se
729 2571 770 2636 de
785 2570 840 2635 tali
860 2572 1012 2654 materia3
1031 2591 1103 2664 seu,
1123 2551 1191 2636 alils

214 2657 334 2758 veihis,
364 2677 451 2744 nulla
470 2676 646 2744 contractui
673 2675 779 2742 obstet
804 2675 950 2742 absolute
967 2688 1022 2743 aut
1037 2676 1189 2762 relative,

212 2781 287 2867 jure
299 2783 436 2852 naturali
452 2794 505 2850 aut
516 2769 854 2870 positiuo‚inhahilitas
870 2801 1027 2869 personae
1025 2781 1083 2860 uel
1099 2781 1193 2866 indis·

216 2886 398 2971 ponihilitas
415 2888 568 2952 materiae.
590 2887 674 2970 Quia
691 2885 859 2952 deficiente
872 2887 920 2954 tel
937 2887 1106 2976 unherhis
1118 2907 1192 2952 con-

217 2987 393 3057 ditionibus
414 2987 509 3057 cause
522 2991 581 3058 fit
573 3011 705 3094 incapax
718 2994 914 3066 contractus,
1013 3055 1014 3060 ,

261 3107 372 3183 Ροιιο,
389 3103 547 3168 inhabiles
560 3118 634 3188 sunt
647 3106 724 3188 jore
740 3081 889 3172 naturali
902 3117 936 3170 et
949 3103 1109 3184 absolute,
1130 3123 1193 3170 om-

217 3230 274 3274 nes
284 3221 315 3275 et
331 3209 389 3275 soh
399 3228 454 3295 qur
464 3223 538 3274 sunt
554 3210 720 3298 incapaces
737 3213 825 3276 octus
845 3209 987 3287 moralis,
994 3229 1073 3279 seu
1086 3209 1190 3275 liberi

218 3314 385 3406 Siquidem
402 3328 583 3382 contractus
600 3329 647 3382 est
662 3324 751 3382 actus
769 3291 889 3385 ordinis
907 3308 1107 3402 moralisq-
1118 3305 1193 3378 lucc

216 3421 367 3499 positivo,
384 3421 463 3488 nulli
474 3417 547 3486 sunt
564 3422 730 3510 incapaces
741 3407 781 3487 ad
797 3410 1193 3520 omncscontractus.1S'uh
