2622 3976
516 181 717 250 -tto-
833 167 868 240 .’

123 331 310 406 dominum,
329 348 393 396 non
411 347 446 393 re
471 326 616 413 quidem,
635 323 691 398 sed
708 337 765 405 spe
782 337 850 384 rem
868 319 1078 402 recuperandi
1093 342 1101 394 ;
1223 349 1229 360 ·

121 471 169 484 -
186 433 382 522 pauperibus
397 424 772 515 :dominusoupponitur
787 422 974 505 ignotus.--
985 419 1105 486 Grata·

121 555 178 606 tur
191 538 348 616 oneribus*
361 557 434 623 quoe
446 547 676 621 sequuntur-er
693 527 830 627 delicto:
850 535 936 611 patet
947 542 985 589 ex
997 519 1102 588 dietis.

148 643 231 708 .tlt‹>
244 641 363 725 Quoad
379 638 478 706 dubia
495 639 535 704 ad
554 637 678 702 tertiam
696 632 837 700 radicem
852 628 1015 716 (injustitia
1037 647 1104 692 ma·
1185 627 1188 634 ’

122 743 247 812 teriaiis
269 758 300 810 et
331 741 475 810 formalis
502 739 694 828 reparanda,
712 758 770 804 seu
795 735 884 805 iaes-io
908 757 952 801 ex,
975 731 1104 813 delicto)

119 848 328 935 spectantia:

53 1011 56 1018 .
163 953 214 1022 ,Ad
233 955 307 1020 itm:
329 955 407 1036 Quis
419 953 673 1038 p·otoideot‚...i

168 1059 368 1126 R..Pooeidet
384 1059 538 1126 libertas.-
557 1059 587 1124 1.
605 1056 638 1123 Si
651 1057 787 1124 dubium
804 1058 844 1125 sit
866 1059 997 1126 facturn.
1023 1057 1100 1124 Nam

118 1161 254 1228 libertas
270 1183 336 1230 non
348 1163 537 1230 restituendi
554 1162 709 1249 possidet,
728 1163 840 1228 donee
847 1163 1002 1249 probetur
1019 1160 1100 1228 obli-

118 1267 231 1351 goti03
251 1287 347 1354 porro
364 1288 428 1334 non
450 1266 618 1354 probatur,
635 1266 755 1354 pendet
767 1267 853 1332 enim
865 1269 887 1333 a
912 1267 995 1332 sotto
1013 1265 1100 1352 quod

117 1377 171 1442 est
184 1369 478 1436 dubium-Mi
496 1368 605 1436 dubiae
627 1369 690 1435 sint
710 1369 912 1436 conditiones
939 1367 1101 1455 itdustitiae

116 1472 309 1548 materialis.
329 1474 521 1560 Legitimitas
536 1475 623 1542 onim
640 1475 712 1540 sacti
728 1475 884 1562 possidet,
895 1533 898 1536 .
911 1475 1014 1541 donee
1032 1473 1101 1560 aius

117 1579 327 1666 iilegitimitas
336 1581 511 1668 probetur3
525 1601 620 1668 porro
634 1601 698 1646 non
711 1580 878 1667 probatur,
892 1585 967 1646 oirrn
981 1579 1100 1646 santum

119 1685 359 1757 dubitantem
377 1687 521 1756 inoludot
535 1687 735 1758 conditiones
752 1685 928 1774 injustitia.
948 1721 992 1736 -—
1007 1685 1040 1750 3.
1066 1686 1097 1752 Si

119 1791 240 1878 dubius
255 1793 298 1858 ait
324 1793 459 1862 omnino
474 1792 607 1862 edemus
623 1813 688 1868 soen
712 1791 815 1870 laesio.
839 1793 917 1860 Nam
944 1789 1096 1876 obligatio

1 1907 2 1912 ’
120 1898 240 1985 pendet
266 1903 283 1966 d
312 1899 444 1970 testona
478 1916 551 1988 quae
576 1919 644 1966 nou
670 1907 718 1966 est
749 1899 896 1988 probata.
920 1897 1094 1966 Diximus:

123 2031 137 2063 ι
164 2003 317 2084 omnium
338 2032 349 2063 ·
366 2005 521 2093 excipitur
534 2005 621 2073 enim
638 2027 732 2072 nasus
752 2007 784 2072 in
798 2027 864 2094 quo
877 2027 914 2074 ox
930 2004 1095 2090 iaotopo-

118 2108 179 2175 sito
192 2120 228 2174 ut
243 2095 419 2198 plurimum
431 2112 576 2199 sequitur
590 2111 730 2199 injustus
744 2111 888 2189 effeetus.
924 2110 926 2114 ’

162 2215 311 2281 Possidet
334 2218 403 2287 teo:
422 2217 452 2284 i.
478 2215 593 2286 Contra
611 2217 834 2290 ooilootionom
853 2217 1095 2304 cooperantium
1120 2255 1123 2258 -

118 2319 159 2389 ad
185 2319 385 2407 injustitiam,
410 2324 554 2411 quamtis
574 2343 671 2392 oausa-
691 2322 895 2392 individualis
922 2323 1032 2398 damni
1056 2321 1097 2388 sit

118 2425 239 2505 dubio3
269 2449 299 2493 v.
319 2448 355 2512 gr
372 2429 508 2496 dubium
525 2443 573 2496 est
581 2432 662 2496 inter
683 2429 793 2516 pluras
809 2428 972 2499 adulteros
1003 2426 1095 2513 oujus

117 2530 160 2598 tit
177 2531 297 2619 proles.
316 2533 359 2600 Ex
380 2535 498 2621 injustd
525 2535 612 2601 enim
630 2534 775 2612 laesione,
795 2535 925 2600 etiom'a
947 2533 1095 2622 pluribus
1195 2619 1198 2626 Ἰ

117 2637 275 2722 producto
289 2640 441 2728 sequitur
457 2637 613 2720 obligatio
629 2637 829 2714 restituendi,
849 2635 953 2702 donoo
967 2642 1096 2700 eontra·

117 2740 204 2808 rium
219 2743 397 2830 probetur3
424 2761 521 2831 porro
544 2741 597 2805 hio
614 2740 810 2806 eontrarium
833 2758 898 2804 non
926 2739 1096 2826 probatur,

117 2849 217 2918 dubia
233 2862 281 2916 est
296 2850 383 2916 enirn
401 2847 523 2940 tantum
539 2843 710 2912 efficacitas
727 2841 920 2910 causalitatis
939 2845 1097 2933 orrjusquo
1124 2917 1128 2925 ,

116 2955 332 3042 cooperantis,
352 2975 416 3020 non
433 2960 510 3022 vero
526 2949 735 3020 collectioni&
755 2948 950 3038 Opinionem
971 2958 1096 3018 eontra-

116 3059 197 3126 riam
214 3067 302 3126 tenet
316 3059 349 3126 S.
363 3061 434 3148 Lip.
453 3058 524 3148 (d);
543 3059 630 3148 qnia,
646 3059 759 3146 inquit,
775 3056 927 3143 obligatio
940 3056 1097 3145 cujusque

117 3166 335 3253 cooperatoris
353 3165 523 3258 est-dubia,
543 3165 684 3255 possidet
697 3166 833 3254 proinde
856 3163 1047 3234 libertas.--
1060 3161 1094 3228 d.

116 3271 150 3338 Si
163 3281 248 3338 certa
267 3272 307 3338 sit
319 3274 500 3361 cooperatio
515 3273 847 3342 materiaiisornnibns
859 3270 1099 3342 conditionibus
1167 3336 1170 3344 s
1215 3283 1219 3291 '

149 3501 184 3565 (ι)
201 3495 258 3550 tto.
272 3501 314 3564 nr,
329 3516 357 3552 n.
371 3479 433 3553 trata.⁴
