2588 4178
637 385 789 450 -n-.

220 531 367 596 'melliaco
385 529 462 614 legis
474 527 606 616 justitiae
618 526 837 614 3-prtmam,
851 525 926 612 quia
939 525 992 612 jus
1008 525 1068 600 Dei
1093 525 1223 592 ultima

228 635 308 700 ratio
326 650 372 702 est
384 635 466 722 juris
484 635 631 705 humani.

273 725 333 789 Pro
356 724 575 812 Responsione
605 725 645 790 sit
669 721 844 810 propositio
872 741 1030 810 sequens:
1058 723 1159 790 Deus
1187 734 1220 786 ct

228 831 321 898 lurco
330 831 388 918 jus
408 831 525 896 Irulrcnt
544 831 578 896 in
597 831 767 914 facultates
781 848 864 896 artua
880 838 910 894 et
928 829 963 894 in
979 849 1031 894 rea
1047 830 1069 894 (l
1089 849 1128 894 sc
1143 829 1218 894 clic-

228 939 356 1004 tinctus.

272 1041 372 1106 Proh.
396 1042 499 1107 Posito
520 1041 730 1130 possibilitate
745 1039 828 1126 juris
845 1037 905 1109 Dei
932 1050 963 1107 ct
994 1037 1141 1108 lraminis
1178 1040 1212 1104 ln

229 1147 394 1216 facultates
406 1169 480 1231 suas
498 1161 530 1216 at
545 1171 597 1216 ros
613 1153 678 1216 ase
695 1147 953 1233 distinctasque
966 1145 1210 1214 molitus-cons-

231 1255 333 1334 tobit,
357 1256 454 1325 modo
478 1256 633 1344 probetur
656 1254 915 1341 unumquodque
933 1254 988 1342 jus
1013 1253 1208 1341 pradictum

219 1359 320 1436 titolo
336 1359 479 1446 legitimo
495 1362 565 1432 niti.
580 1361 678 1428 Porro
691 1360 753 1426 hoc
770 1371 895 1426 certum
907 1370 967 1426 est.

260 1467 311 1531 .l⁰
325 1468 383 1534 lus
394 1468 454 1534 Dei
469 1469 503 1536 in
517 1467 701 1536 facultates:
720 1466 800 1533 Nam
815 1466 903 1534 Deus
921 1477 969 1532 ast
980 1465 1041 1532 Ens
1053 1467 1075 1531 ὰ
1089 1485 1137 1530 re.

224 1604 228 1610 ·
254 1605 256 1610 ·
272 1577 309 1640 2⁰
325 1575 382 1642 lus
394 1573 454 1640 Dei
470 1575 501 1640 in
520 1597 573 1640 res
582 1585 724 1644 creatas:
739 1573 818 1638 Num
839 1569 927 1639 Deus
942 1569 1060 1640 crearit
1075 1585 1110 1638 et
1127 1591 1202 1638 con-

227 1694 344 1748 serrat.

274 1787 310 1852 5⁰
319 1788 376 1854 los
389 1785 569 1855 hominisin
583 1786 748 1856 facultates
758 1796 872 1854 suaset
887 1805 937 1852 res
948 1788 965 1852 l
975 1785 1198 1876 sedistinctas:

228 1893 306 1958 Nam
323 1893 411 1958 Deus
420 1893 577 1959 concessit
593 1892 716 1958 homini
730 1893 783 1980 jus
800 1892 832 1958 in
849 1912 883 1958 sc
893 1903 927 1958 et
943 1891 975 1958 in
988 1912 1041 1958 res
1061 1898 1080 1957 a
1094 1885 1200 1960 sedis·

226 1999 352 2079 tinctas,
371 2000 457 2086 quod
475 2000 630 2086 probatur
657 1999 854 2086 argumentis
866 2019 906 2067 ex
921 1999 1045 2078 ratione
1061 2010 1092 2065 ct
1103 1998 1198 2087 scrip·

95 2178 100 2189 ,
173 2107 174 2112 ’
227 2108 298 2170 tura
310 2106 458 2194 sumptis.

270 2210 322 2276 lle
342 2211 489 2278 Ratione.
512 2213 541 2278 l.
561 2215 593 2278 Si
606 2213 694 2280 Deus
706 2213 829 2279 lromini
841 2212 895 2298 jus
906 2210 938 2278 in
954 2209 1118 2276 facultates
1127 2229 1197 2276 suas

226 2329 257 2381 et
279 2323 370 2384 resa
394 2337 430 2384 se
456 2317 620 2384 distinctas
641 2341 706 2384 non
727 2316 956 2395 concessisset,
982 2316 1097 2402 injusto
1118 2327 1198 2382 esset

227 2425 332 2490 omnis
342 2424 425 2490 actio
438 2424 609 2492 voluntatis
620 2426 651 2492 in
661 2423 826 2493 facultates
836 2435 867 2489 et
878 2443 928 2489 res
941 2435 1098 2502 externam
1113 2423 1195 2510 quod

222 2544 395 2616 repugnat.
407 2529 487 2598 -alss
505 2533 594 2598 Deus
610 2533 707 2617 erigit
731 2543 767 2598 ut
785 2529 885 2598 horso
901 2529 1011 2596 tendat
1024 2527 1192 2605 nutarem,

226 2652 304 2722 ergo
313 2637 474 2705 concessit
490 2637 612 2704 lrumini
624 2639 679 2725 ins
695 2637 735 2703 ari
748 2659 785 2704 oa
801 2649 959 2725 quaesunt
969 2635 1144 2702 necessaria
1155 2636 1192 2701 ad

223 2737 346 2819 linem3
363 2738 507 2826 alioquin
525 2741 587 2808 siat
604 2742 854 2821 contradiceret,
874 2741 948 2806 utrm
972 2743 1085 2808 exona
1111 2753 1191 2828 parte

193 2841 195 2847 ⁴
225 2843 415 2934 praeciperct
430 2845 530 2938 finam
546 2867 584 2914 cx
597 2847 784 2936 hypothesi,
804 2860 835 2913 ct
855 2867 893 2912 cx
908 2845 969 2912 atta
985 2845 1190 2934 parteprnlti·

212 2948 317 3018 ono
333 2952 595 3022 consecutionem
611 2953 698 3032 finis,
719 2969 753 3020 ιιι
772 2953 874 3040 prima
900 2947 1091 3039 probatione
1104 2969 1190 3019 cons-

225 3069 281 3121 tat.
311 3057 393 3141 Ergo
417 3048 505 3124 Deus
536 3059 660 3126 homini
686 3060 844 3126 concessit
859 3059 913 3144 jus
938 3059 969 3124 in
987 3058 1148 3126 facultates
1162 3067 1189 3126 ut

207 3181 277 3229 ..res
293 3168 328 3226 'a
354 3181 389 3228 sc
413 3163 599 3244 distinctas,
628 3165 657 3230 si
674 3168 755 3230 usus
774 3164 960 3232 facultatum
978 3177 1009 3233 et
1031 3181 1135 3230 rmum
1154 3165 1189 3230 sit

224 3264 350 3332 homini
376 3263 415 3332 ad
438 3266 538 3338 finem
555 3270 780 3350 ‘necessarium
800 3289 896 3358 porro
916 3269 980 3336 hoc
996 3281 1118 3336 certum
1135 3284 1187 3337 est.

222 3405 266 3419 —
284 3372 365 3440 Usus
382 3371 587 3441 facultatum:
601 3376 680 3443 Nam
697 3377 859 3462 cognitio,
875 3397 968 3442 amor
984 3388 1016 3441 et
1032 3377 1188 3444 servitiam

208 3476 295 3554 uei,
319 3497 377 3563 per
399 3497 473 3566 quae
491 3480 593 3548 tendit
610 3481 772 3552 nomaso
793 3482 905 3561 linem,
924 3494 1085 3554 suntusus
1097 3483 1188 3549 facul·

219 3583 382 3652 tutu'm.—
392 3585 474 3654 Usus
484 3609 596 3654 rerum
606 3601 830 3658 externarum:
846 3590 925 3656 Nam
937 3601 1026 3654 actus
1042 3589 1184 3676 praeliati,

220 3691 502 3782 utadimplcantur
513 3695 546 3760 in
557 3708 701 3782 tempore
714 3695 804 3782 juxta
815 3696 1009 3764 volrmtstem
1028 3695 1102 3774 Dei,
1119 3717 1185 3784 sup-
