2606 3974
463 269 507 314 ε-
530 227 594 302 lui
620 275 665 284 -

97 373 99 381 ’
120 363 289 446 itreportsum
300 375 347 430 Pii
363 361 433 432 tiri
445 375 476 430 iu
492 373 626 446 Coupccp.
642 375 671 433 S.
690 364 778 444 Officii
792 378 829 430 ud
847 377 882 432 D.
900 377 937 432 l).
954 377 986 432 cic
1001 367 1062 434 Lei²
1085 370 1087 373 ’

83 479 163 533 perca,
180 477 221 532 cp.
238 460 452 529 Riedonenccoc,
468 461 515 533 (18
528 463 603 530 Aug.
621 461 715 532 1830.)

121 613 245 669 Cucurrit.
255 629 289 653 -·
302 611 456 683 Episcopus
469 611 663 668 Rhedonensis
676 613 705 667 in
735 613 826 670 Gallia
849 603 964 683 exponit
977 622 1063 674 sacru

83 702 293 770 congregationi
313 701 514 772 inquisitionis,
529 716 586 756 non
602 703 729 758 eamdem
749 718 811 757 esse
830 703 1063 762 confessariorum
1173 735 1177 742 ·

83 803 137 841 suae
148 787 275 868 dioecesis
289 789 455 846 senteutiam
465 789 500 844 de
514 789 591 846 lucro
605 791 739 860 percepto
754 805 792 844 cx¹
806 789 926 859 pecunia
941 791 1063 859 negeba-

84 874 191 938 toribus
211 877 308 930 mutuo
328 876 392 930 duta
409 880 440 931 ut
455 870 488 930 oa
502 875 647 930 ditescant.
673 875 714 930 De
739 892 823 930 sensu
838 875 962 950 epistolae
977 892 1063 946 ency-

44 992 50 1008 .
82 957 156 1011 clicae
171 957 228 1014 Vicc
234 959 360 1026 pervenit
368 960 469 1030 acriter
477 959 641 1028 disputatur.
651 959 694 1014 Ex
708 962 824 1029 utraque
834 963 912 1030 parte
922 965 1063 1034 momenta

81 1046 234 1098 atteruntur
242 1044 278 1099 ad
287 1045 418 1102 tuendam
433 1043 494 1102 earn
503 1057 586 1116 vquam
596 1046 714 1118 quisquc
727 1047 872 1114 amplexus
888 1049 930 1101 est
949 1050 1063 1102 sentcn-

82 1132 157 1199 tiam,
167 1131 216 1188 tali
230 1133 510 1192 luoroiaventereaut
523 1133 702 1190 contrariam.
718 1131 788 1189 Inde
805 1134 938 1201 querele,
954 1134 1062 1188 dissen-¹

81 1219 187 1286 siones,
205 1218 354 1288 denegatio
365 1237 368 1243 ·
379 1223 623 1284 sacramentorum.
636 1219 777 1289 plerisque
786 1218 1004 1288 negotiatoribus
1017 1212 1065 1276 isti

78 1305 233 1360 ditescendi
247 1305 331 1360 modo
345 1305 555 1373 inherentibus,
571 1310 599 1362 et
609 1306 755 1368 innumera
766 1305 867 1362 damna
877 1306 1043 1361 animarum.

114 1389 150 1444 Ut
164 1389 319 1447 animarum
333 1389 441 1443 damnis
455 1393 611 1458 occurrant,
626 1389 751 1444 nonnulli
765 1388 927 1446 confessarii
942 1389 1063 1444 medium

79 1471 305 1541 interutramuue
319 1472 571 1532 senteutiam-viam
584 1489 614 1528 se
628 1487 713 1542 posse
728 1477 825 1528 tenere
839 1473 1019 1528 arbitrantur.
1034 1473 1063 1531 Si

77 1560 142 1627 quis
162 1559 239 1628 ipsos
259 1557 385 1614 consulat
401 1559 437 1614 de
458 1559 616 1616 istiusmodi
637 1561 725 1628 lucro,
742 1561 822 1614 illum
839 1561 874 1616 ab
899 1575 934 1618 eo
948 1559 1063 1614 deterre

82 1649 233 1700 cuneantur.
248 1636 278 1699 si
293 1645 431 1716 poenitons
446 1650 608 1716 perseveret
626 1647 656 1702 in
675 1648 794 1707 consilio
806 1647 952 1717 pecuniam
967 1648 1062 1700 mutuo

82 1729 172 1786 dandi
182 1731 411 1800 negotiatoribus,
425 1737 453 1789 et
467 1733 580 1803 objiciat
586 1734 752 1790 sententiam
760 1734 807 1789 tali
814 1737 911 1790 mutuo
920 1724 1062 1788 'faventem

75 1817 182 1870 multos
206 1815 313 1871 habere
330 1821 474 1888 patronos,
500 1822 529 1874 et
548 1818 665 1890 insuper
686 1835 743 1874 nou
766 1820 849 1874 tuisse
869 1817 1063 1872 damnatama
1152 1817 1153 1823 ’

75 1903 173 1954 sancta
181 1899 251 1954 sede
263 1917 320 1955 uon
337 1904 467 1957 semelen
481 1903 516 1960 de
532 1917 563 1958 re
583 1905 724 1970 consulta;
750 1907 815 1958 tuno
830 1903 878 1958 isti
901 1897 1062 1961 confessarii
1157 1906 1160 1911 '

75 1988 194 2059 cxi-gunt
208 1989 237 2040 ut
250 1989 390 2064 ‘pmuitens
404 1990 546 2066 promittat
557 2005 592 2048 se
607 1989 684 2052 alian
696 1983 858 2046 obedientia
880 1990 1062 2059 obtempera-

75 2080 170 2128 turum
181 2070 287 2143 judicio
301 2065 400 2128 sumini
414 2075 603 2144 pontificiam
617 2075 783 2145 intercedat,
800 2077 1003 2146 qualecumque
1014 2073 1061 2138 sit;

73 2177 138 2230 nec,
154 2161 208 2216 bac
223 2161 408 2230 promissione
421 2163 544 2229 obtento,
560 2163 765 2222 absolutionem
775 2163 926 2232 denegant,
936 2161 1063 2234 quamvis

76 2244 295 2316 probabiliorem
305 2245 419 2304 credant
429 2248 589 2315 opinionem
604 2249 772 2306 contrariam
780 2248 826 2303 tali
836 2254 942 2304 mutuo.
960 2247 989 2302 Si
1003 2261 1062 2316 poe-·

73 2338 168 2391 nitens
183 2351 243 2391 uon
264 2333 428 2388 confiteatur
442 2334 477 2391 de
494 2336 575 2388 lucro
588 2349 624 2388 ex
637 2336 755 2403 pecunia
778 2335 819 2391 sic
836 2335 1020 2404 mutuodata‚
1035 2333 1063 2388 et

48 2443 50 2450 ,
76 2421 208 2476 rideatur
221 2419 251 2472 in
264 2419 339 2472 bona
349 2417 418 2483 inde,
434 2417 480 2471 isti
495 2416 667 2483 confessarii,
684 2416 793 2473 etiamsi
809 2415 919 2472 aliunde
935 2416 1064 2472 noverint

72 2505 107 2560 ab
116 2520 151 2560 eo
161 2505 328 2574 perceptum
338 2517 400 2556 esse
409 2501 546 2559 autetiam
560 2516 634 2554 nunc
647 2500 752 2570 percipi
762 2501 841 2556 istius
854 2498 930 2556 modi
944 2501 1063 2564 lucrum,

73 2608 139 2646 eum
154 2591 317 2656 absolvunt,
333 2589 409 2642 nulla
425 2604 458 2642 ea
470 2587 506 2644 de
528 2603 558 2642 re
577 2587 796 2656 interrogatione
807 2587 887 2654 tacta,
899 2585 1008 2655 quando
1028 2586 1063 2640 ti·¹

75 2685 156 2735 ment
169 2694 208 2732 ne
219 2677 356 2746 poenitens
369 2667 526 2730 admonitus
536 2675 681 2730 restituere
690 2676 763 2728 auia
778 2674 824 2728 tali
836 2674 913 2728 lucro
925 2671 1063 2726 abstinere

77 2767 203 2820 recuset.
269 2759 272 2764 ’
451 2763 453 2768 ’
638 2755 640 2760 ’

111 2849 789 2925 inquirit'crgudictusepiscopusllbetlonensis:

113 2942 143 2995 l⁰
163 2940 264 2996 Utrum
284 2939 373 3010 possit
393 2940 492 2994 borum
506 2937 693 3008 posteriorum
713 2935 948 2990 contessariorum
962 2933 1064 3001 agendi

77 3030 223 3084 rationem
235 3029 373 3097 probaret
467 3043 471 3048 ·
899 3047 901 3052 ’
1042 3029 1058 3088 J

110 3115 144 3170 ⁴2⁰·
158 3113 260 3181 Utrum
273 3115 535 3170 eliosconicssarios
544 3111 690 3183 rigidiores
704 3112 795 3181 ipsum
809 3110 944 3164 adeuntes
959 3119 1063 3162 consu-v

77 3203 157 3262 lendi
167 3217 254 3257 causa
267 3201 479 3272 possitbortart,
492 3204 523 3255 ut
538 3201 658 3256 istorum
673 3198 773 3268 agendi
792 3197 928 3252 rationem
943 3203 1064 3264 sequau-

78 3293 135 3353 tur‚
156 3288 250 3342 donec
266 3290 359 3340 amicta
373 3285 455 3341 sodes
474 3297 636 3354 expressum
649 3297 681 3337 ea
704 3282 740 3338 de
755 3281 909 3354 quaestione
927 3279 1065 3350 judicium

79 3375 172 3430 ierat?
884 3385 890 3390 ’

115 3459 692 3530 neap-sinoussimrsuomrnrsnostcr
702 3457 777 3526 Pius,
786 3456 879 3511 diuina
891 3441 1066 3524 procidentia
1120 3531 1123 3536 Ι

81 3553 160 3618 ltupn
177 3549 258 3616 Viti,
274 3549 306 3601 in·
317 3547 400 3602 solita
412 3545 550 3602 audientia
562 3545 596 3602 lit
615 3545 646 3600 P.
664 3545 698 3600 D.
719 3544 851 3600 assessori
876 3542 1068 3598 Sanctitiflicii
