2622 3976
612 303 813 369 -tet—
888 337 896 358 ·

277 448 366 514 ldem
388 445 560 512 dicendum
577 445 617 510 tle
634 443 734 510 dubio
748 447 855 508 utrum
868 454 1051 510 antecessor
1062 463 1150 510 uone
1165 467 1211 512 nn

234 553 315 618 urolt
331 552 395 616 srde
411 549 610 638 possesserit.
626 549 678 614 Sie
693 567 724 610 v.
744 563 775 628 g.
795 562 963 610 successor
987 543 1127 628 legitimi
1144 567 1204 631 po·

232 667 290 721 test
308 657 389 722 inire
409 654 658 732 successionem,
683 651 777 718 etism
800 647 1078 721 dubitsnsutrr'rm
1095 658 1203 716 suetos

232 761 327 824 luerit
341 759 426 823 bont
442 777 482 820 nn
497 755 581 820 mele
597 755 676 820 fide.-

276 873 318 938 Ex
335 870 427 936 dietis
451 869 598 934 detentor
624 867 664 933 ud
690 868 924 935 restitutionem
951 879 1102 932 tenetur:
1122 868 1213 932 -si

232 977 359 1057 deteget
375 993 443 1037 rem
472 991 538 1036 non
555 991 625 1036 esse
653 991 745 1038 suam
761 993 768 1050 ;
783 971 863 1036 -si
888 981 961 1058 post
987 971 1212 1038 detentionem

233 1077 316 1141 male
327 1075 390 1140 fide
407 1075 576 1162 inemptam
595 1073 731 1140 dubium
742 1084 936 1162 perseveret,
948 1073 1044 1138 etiem
1061 1071 1213 1158 diligenti

232 1179 438 1266 inquisitione
447 1177 528 1245 laete
539 1201 595 1257 3—
605 1179 630 1244 si
643 1178 885 1266 inquisitionem
898 1175 1085 1263 neglexerit.
1101 1177 1209 1257 Unde,

276 1285 322 1352 td
339 1287 394 1351 2¹⁰⁵
414 1311 421 1351 :
442 1286 650 1368 Qtrcertumsit
665 1283 870 1369 oblipatiortis
881 1281 1049 1348 eetertsioi

277 1399 313 1466 li.
335 1399 371 1466 1α
385 1399 419 1468 Si
437 1400 564 1486 detegat
581 1419 649 1464 rem
677 1419 742 1464 non
770 1419 840 1464 esse
865 1417 969 1475 suem,
988 1407 1020 1462 et
1046 1395 1210 1483 possessio

233 1505 317 1570 bone
338 1505 402 1572 lide
419 1507 602 1594 incoeperit3
632 1518 781 1590 gravatur
806 1505 929 1569 tentum
956 1491 1213 1586 obligationibus

234 1612 425 1695 possessoris
441 1611 537 1676 bonee
553 1609 641 1674 fidei.
659 1609 737 1676 Nem
748 1613 856 1676 rererb
874 1620 920 1674 est
936 1629 1102 1697 possessor
1115 1605 1211 1675 boum

234 1713 414 1780 fidei—Si
436 1715 563 1798 deteget
585 1733 654 1779 rem
679 1735 744 1780 non
773 1735 842 1780 esse
858 1713 963 1792 sunm,
991 1726 1023 1780 et
1048 1713 1212 1800 possessio

236 1819 318 1884 molt
334 1819 498 1888 eutdubiu
513 1819 578 1887 lide
595 1821 760 1908 ineoeperit
770 1842 779 1898 ;
797 1829 946 1903 gravatur
966 1817 1115 1886 oneribus
1132 1837 1211 1904 quae

234 1935 416 2007 sequuntur
427 1944 464 1988 ex
478 1923 630 2010 injustitie
647 1925 804 2016 materiali
819 1937 850 1990 et
863 1923 1001 2003 formali,
1014 1943 1070 1992 seu
1092 1943 1130 1990 ex
1153 1923 1214 1989 de·

236 2025 321 2094 lieto.
354 2025 521 2114 Siquidem
553 2028 612 2096 luit
641 2028 779 2118 injustus
803 2029 1021 2118 materialiter,
1042 2033 1117 2096 eum
1143 2046 1215 2098 reru

236 2131 373 2198 alienam
398 2133 591 2214 detinuerit3
611 2131 800 2213 formaliter,
816 2135 841 2200 si
864 2133 959 2200 luerit
981 2133 1064 2198 molt
1080 2133 1159 2228 lrde,
1180 2147 1217 2199 ut

236 2239 367 2306 evidens
378 2252 425 2306 est
443 2262 451 2318 3
473 2240 634 2334 etiamque
650 2239 787 2306 siluerit
804 2239 902 2306 dubis
926 2240 1001 2319 lide,
1029 2260 1093 2306 non
1112 2241 1218 2328 potuit

237 2340 321 2403 enim
328 2338 489 2424 judicium
506 2341 645 2408 formare
665 2343 842 2431 proetieum
865 2343 1006 2432 prudens
1035 2341 1216 2430 sejustus

236 2442 460 2524 possessionis.
895 2507 899 2514 ,

282 2540 319 2604 2⁰
336 2540 368 2605 Si
397 2555 469 2628 post
492 2543 711 2614 detentionem
740 2549 823 2615 mole
848 2548 910 2616 fide
932 2548 1043 2615 irritem
1077 2549 1215 2618 dubium

238 2660 601 2744 perseveret-potest
627 2653 765 2720 retinere
791 2665 913 2742 portem
939 2655 1215 2744 proportionatam

238 2752 416 2821 rationibus
429 2775 487 2842 pro
501 2777 536 2822 se
548 2757 759 2826 militantibus
774 2751 843 2838 ;—-‘
851 2771 977 2826 tenetur
992 2757 1063 2824 eliis
1080 2759 1216 2852 eodubi·

239 2854 378 2923 tentibus
398 2857 492 2924 aliem
521 2871 645 2947 portem
673 2861 844 2955 restituere
868 2883 927 2949 pro
947 2872 1013 2927 rate
1039 2862 1132 2928 dubii
1148 2885 1157 2939 3
1174 2899 1218 2910 -

239 2959 346 3041 quoed
370 2973 495 3046 partem
517 2963 759 3042 restituendam,
780 2955 938 3047 gravatur
953 2964 1109 3030 oneribus
1124 2981 1126 2985 ·
1141 2983 1217 3050 quse

239 3067 464 3144 sequunturex
476 3060 604 3142 delicte,
624 3063 682 3129 luit
693 3065 779 3130 enim
791 3065 875 3130 meld
892 3065 967 3131 lide.

285 3171 321 3236 5⁰
346 3173 378 3237 Si
399 3172 640 3260 inquisitionem
666 3167 873 3263 neglexerit,
890 3185 1016 3244 tenetur
1048 3163 1216 3244 restituero

240 3272 434 3360 pauperibus
463 3291 602 3362 promta
629 3280 696 3366 spei
720 3297 818 3368 quem
843 3279 994 3348 dominus
1011 3279 1134 3346 bebere
1162 3299 1216 3366 po·

241 3373 429 3442 tuissetrem
439 3399 530 3444 suom
545 3381 777 3468 recuperandi3
797 3384 904 3468 quobd
917 3395 1041 3470 partem
1051 3379 1217 3448 restituen-

241 3474 326 3552 dum,
345 3487 493 3558 gravatur
508 3479 663 3548 oneribus
680 3504 752 3570 qum
778 3497 961 3571 sequuntur
976 3505 1013 3551 ex
1031 3483 1162 3552 delicto.
1175 3519 1216 3530 -

240 3569 380 3640 Tenetur
396 3581 563 3646 restituere
581 3605 638 3667 pro
650 3598 714 3650 rute
738 3586 826 3674 spei:
847 3584 965 3673 injuste
978 3587 1063 3653 enim
1085 3583 1217 3672 priuauit
