2588 4178
482 229 660 292 ——77-

120 370 153 437 1.
178 369 358 454 Eeplirotrb
373 370 462 453 lepis.
572 384 575 393 '

112 475 182 542 ,De
201 475 397 562 proprietate
415 474 569 553 thesauri,
590 489 711 556 attento
728 477 796 542 solo
814 479 891 559 jure
907 485 1062 560 nolanae]

73 581 296 658 considerata,
316 579 430 666 triplex,
446 580 566 667 opinio.
1021 569 1024 575 ’

118 686 394 771 Juxtaprimont,
422 685 593 753 thesaurus
612 687 749 775 pertinet
771 690 811 754 ad
833 688 974 778 primurn
991 712 1063 778 pos·

73 813 255 874 sessorem3
272 792 580 872 et‚‘simortuussit‚
594 793 716 880 adeius
730 816 945 864 successores.
962 795 1065 885 Siqui·
1179 889 1181 896 y

73 902 150 968 dem
170 898 227 986 jus
242 898 480 967 noa-amittitur
496 900 697 986 separatione
711 899 851 988 subjecti
873 903 914 969 ab
924 902 1062 990 objecto.

127 1007 228 1073 Juxta
244 1003 324 1070 alias
340 1005 520 1092 opiniones,
534 1015 600 1074 non
611 1009 749 1094 pertinet
763 1008 803 1076 ad
816 1027 969 1096 personas
982 1031 1064 1098 prae-

74 1115 194 1181 dietas.
232 1112 333 1180 Nemo
356 1111 445 1180 onim
475 1124 579 1200 potest
608 1111 746 1200 probare
778 1115 969 1182 thesaurum
993 1136 1065 1184 esse

74 1239 190 1290 sutum.
201 1253 246 1268 --
260 1217 400 1283 Pertinet
415 1224 505 1295 voro‚·
512 1215 525 1303 j
531 1229 602 1285 uxta
614 1219 788 1284 secundam
803 1221 1002 1306 opinionem,
1024 1222 1064 1286 ad

75 1324 253 1398 dominum
270 1321 315 1386 rei
335 1320 464 1388 mobilis
486 1333 542 1386 aut
555 1321 743 1389 immobilis
759 1322 793 1388 in
813 1328 877 1409 quo
892 1321 1064 1392 abscondi-

78 1443 143 1509 tur;
165 1428 329 1514 siquidem
341 1427 512 1500 thesaurus
528 1441 576 1495 est
599 1429 746 1506 ¹accessio
765 1428 879 1518 (l).-
897 1430 988 1499 Juxta
1006 1441 1066 1498 ter·

79 1536 163 1604 tione
184 1534 387 1621 opinionem,
413 1556 477 1608 non
502 1548 552 1602 est
566 1536 667 1624 primi.
684 1537 819 1617 domini,
844 1536 885 1603 ob
908 1538 1064 1606 rationem

79 1638 383 1728 superimpositam
396 1651 526 1726 nonest
540 1641 733 1726 possessoris
746 1641 792 1706 rei
806 1627 838 1706 in
852 1645 916 1727 qua
929 1641 1064 1710 ahseon·

81 1746 184 1826 ditur,
201 1765 267 1810 non
284 1756 388 1834 potest
404 1745 489 1810 enim
507 1743 619 1818 haberi
633 1759 667 1811 ut
683 1767 756 1832 pars
779 1745 877 1832 hujus
892 1745 954 1824 rei3
974 1748 1065 1834 perti-

83 1865 132 1920 net
150 1849 286 1936 ergoad
303 1850 443 1938 primunr
460 1863 683 1938 ooeupantem.

124 1952 332 2022 probabilior
354 1954 480 2020 videtur
504 1955 598 2021 tertie
614 1954 735 2043 opinio,
762 1965 793 2020 et
816 1955 1065 2022 communitera

87 2059 249 2146 theologis
266 2059 459 2136 admittitur.¹
502 2083 504 2089 ·
1050 2045 1053 2052 Α

125 2167 227 2246 toda,
236 2164 324 2254 juxta
338 2168 421 2236 hano
437 2167 689 2255 probabiliorem
705 2168 904 2256 opinionem,
923 2168 979 2256 qui
995 2187 1066 2242 sus,-

85 2274 211 2360 pieatur
228 2272 468 2356 thesaurumin
491 2295 568 2360 agro
586 2275 805 2356 reconditum,
832 2288 936 2362 potest
954 2295 1066 2360 agrum

85 2380 190 2467 pretio
211 2380 374 2459 communi
393 2401 512 2460 emero,
541 2394 573 2448 et
596 2394 698 2448 totum
722 2382 911 2450 thesaurum
933 2382 994 2450 sibi
1012 2405 1066 2470 ap·

86 2486 218 2572 plicare.
240 2487 317 2552 llam
334 2487 509 2556 thesaurus
526 2488 752 2556 ad‘dominnm
770 2487 861 2556 lundi
883 2511 948 2559 non
969 2491 1066 2577 perti·

86 2579 180 2672 nens,
200 2613 262 2658 uon
284 2605 380 2678 auget
395 2593 537 2660 valorem
561 2596 643 2678 agri,
666 2595 721 2681 qui
738 2590 882 2674 aliunde,
908 2617 946 2662 ex
968 2595 1069 2682 hypo·

88 2699 183 2779 thesi,
196 2699 313 2767 emitur
325 2701 427 2789 pretio
438 2698 649 2764 aestimatione
664 2699 829 2776 communi
842 2698 1067 2763 determinato.

130 2807 213 2872 lure
228 2819 334 2884 autem
347 2807 447 2886 civili,
467 2805 637 2868 thesaurus
655 2812 739 2875 tow
759 2814 808 2866 est
827 2799 897 2887 ejus
917 2801 973 2888 qui
995 2823 1070 2868 eum

90 2911 212 2979 invenit
234 2912 265 2977 in
286 2912 415 3000 proprio
431 2909 556 2996 londo.
571 2945 618 2976 -.
633 2907 666 2994 Si
696 2916 803 2988 autem
831 2905 1011 2976 inveniatur
1037 2910 1070 2974 in

91 3018 195 3086 lundo
212 3017 356 3104 alterius,
376 3019 481 3088 media
493 3039 566 3106 pars
580 3017 717 3114 pertinet
728 3016 770 3084 ad
783 3014 953 3085 dominum
965 3013 1071 3082 tundi,

90 3126 235 3192 etaltera
252 3127 292 3194 sd
309 3111 521 3206 inventorem,
539 3125 617 3194 716.
631 3163 674 3197 r·
687 3126 761 3194 llaec
786 3123 903 3204 volem,
927 3124 993 3192 sive
1010 3123 1068 3190 do·

93 3232 304 3301 minus-fundi
322 3233 361 3302 sit
377 3232 574 3312 individuus,
597 3232 663 3301 sire
684 3231 887 3310 sitsoeietast

125 3469 160 3534 (tl
177 3469 215 3521 lu
230 3472 316 3534 plures
327 3469 477 3536 iurisperith
492 3471 558 3522 iuter
578 3485 651 3536 ortos,
667 3471 767 3535 bornat,
786 3470 870 3524 broit.
881 3473 974 3535 puoto
988 3469 1018 3522 T.
1035 3469 1074 3530 113

94 3553 214 3617 Toumar,
231 3567 256 3606 u.
272 3554 320 3614 ab
337 3553 516 3622 btuantonpn.
532 3554 590 3607 315.
