2622 3976
477 221 677 293 *275*

93 351 214 444 nbj-eoto
226 377 295 426 rem
312 355 498 426 antia-elnon
512 359 656 426 strenus.
674 359 842 446 Siquidem
861 345 913 435 res
933 377 992 430 ‘ant
1008 363 1064 434 lae·

93 477 157 530 turn
173 465 303 532 alterius
315 467 451 552 estqnid
469 467 700 553 indisponibile
716 468 931 534 contrahenti.
947 502 951 508 =

133 579 175 642 2⁰³
185 578 298 650 Valere
309 588 412 668 potest
422 581 453 646 in
467 585 625 668 qnantirrn
642 578 775 646 baberet
792 585 850 669 pro
864 581 991 668 abjeato
1003 583 1067 650 lae·

89 695 153 750 turn
172 685 272 774 ipsius
289 688 506 754 contrahentis
522 687 691 754 relativum
707 688 749 752 ad
766 688 887 786 laetum
910 689 1066 772 altanus,

90 808 118 853 v
132 809 164 874 g.
179 813 206 856 sr
197 792 416 859 contrahens
440 791 640 892 promitteret
656 813 690 870 se
709 813 820 860 errrarn
841 789 1068 860 adhibiturum

89 906 122 960 ut·
135 897 324 964 talelaotum
333 897 375 964 ab
385 899 486 966 altero
498 910 679 986 praestetur
694 900 861 986 Siquidem
872 899 1068 974 contrahens

87 1011 188 1088 potest
213 1005 254 1071 de
274 1005 357 1071 laeto
379 1026 438 1071 suo
456 996 641 1092 disponere
660 1003 863 1073 Validitatern
880 1005 996 1098 hujus
994 1029 1067 1074 eon

87 1107 203 1176 traotrls
220 1110 418 1176 admittitlex
439 1109 550 1206 civilis,
570 1117 630 1173 art.
647 1109 733 1174 ttae
746 1111 801 1191 (l).

107 1215 167 1282 ll
181 1215 232 1282 to
239 1217 433 1283 validitatem
445 1219 625 1282 contractus
636 1215 978 1304 requrrtturutoansa
969 1237 1065 1282 rann

85 1321 184 1386 —De
198 1321 265 1387 bae
275 1304 460 1410 eonditione
476 1329 616 1408 quatuor
632 1331 846 1420 quaeruntur:

129 1427 165 1492 1ίι
178 1427 220 1508 Q
244 1405 316 1490 Ut
270 1437 355 1490 trum
370 1429 478 1491 valeat
497 1437 681 1492 eotztreotets
697 1425 799 1516 initos
816 1422 937 1510 absque
951 1429 1066 1492 volem

85 1541 148 1596 tale
165 1527 318 1606 interiori
326 1533 384 1614 jus
401 1507 632 1617 eonferendi.

128 1637 166 1702 R.
185 1635 313 1724 Duplex
329 1643 376 1702 est
393 1658 514 1724 oprnro
526 1637 694 1702 -Prnna
712 1633 860 1702 affirmat
886 1634 995 1719 Quia
987 1633 1066 1700 abo
1146 1629 1149 1640 ¹

85 1742 160 1826 quin
185 1741 274 1808 nulla
291 1740 442 1834 obligatio
455 1755 523 1808 orta
540 1763 578 1808 ex
589 1749 753 1807 contractu
771 1754 856 1818 esset
867 1741 971 1821 firma,
991 1746 1066 1818 eiam

85 1849 219 1935 quisque
229 1843 422 1915 contrahens
432 1848 592 1916 affirmare
601 1861 709 1936 posset
724 1869 759 1914 se
770 1869 835 1914 non
849 1849 1064 1924 consensisse.

84 1954 295 2032 -seeunda,
310 1954 522 2041 probabilior,
539 1967 646 2038 negat.
671 1953 753 2036 Quia
778 1953 941 2044 translatio
961 1954 1065 2022 domi-

85 2059 125 2125 nii
141 2062 237 2146 exigit
260 2070 366 2128 aetum
390 2061 560 2128 voluntatis
577 2061 733 2126 liberum.

125 2167 161 2231 2³
178 2169 219 2250 Q.
235 2168 351 2232 Utrinn
366 2170 666 2233 ooteateonrraorue
676 2168 774 2234 initas
790 2167 979 2233 sineaninto
989 2185 1064 2234 coo·

82 2285 172 2338 venta
178 2273 408 2374 exsequendi?

124 2378 160 2444 R
178 2379 286 2449 Valet.
314 2377 397 2460 Quia
414 2377 455 2440 ad
480 2385 678 2441 contractum
701 2375 820 2450 suffieit
842 2374 1022 2464 voluntas
1009 2396 1066 2461 Jus

80 2483 292 2562 eonlerendi,
311 2503 385 2568 quae
407 2480 570 2547 conciliari
586 2488 690 2566 potest
713 2502 787 2546 curn
805 2481 982 2547 intentione
998 2500 1066 2545 non

83 2586 234 2676 implendi
253 2588 499 2672 obligationem.

126 2694 161 2776 33
185 2699 227 2779 Q.
251 2696 365 2760 Utreitn
384 2693 492 2772 vale'at
514 2697 697 2754 contractos
710 2690 749 2752 ele
764 2691 903 2753 materiei
925 2689 1064 2752 indeter-

84 2797 231 2868 minata?
277 2785 279 2790 ’
334 2785 336 2791 “
1045 2791 1047 2794 ’

51 2977 55 2986 ,
126 2906 163 2972 ll.
189 2907 249 2976 Vel
276 2903 409 2970 materia
434 2914 482 2968 est
505 2898 748 2966 indeterminata
775 2901 882 2986 quoad
898 2898 1063 2986 'speeiem,

85 3027 113 3074 v.
135 3031 167 3096 g.
196 3013 256 3079 tibi
282 3011 433 3098 promitto
460 3005 591 3102 aliquod
616 3005 755 3087 animab
780 3006 830 3074 vel
854 3003 1064 3074 determinata

116 3282 149 3347 (l)
165 3286 233 3344 Arar.
250 3286 325 3335 ttae.
339 3283 492 3336 Neanmoins
505 3297 538 3334 on
548 3290 646 3348 pentae
659 3289 746 3346 parter
754 3283 805 3334 fort
818 3297 882 3347 pour
899 3297 933 3333 nn
942 3282 1065 3345 elersen

82 3367 276 3422 promanantia
290 3367 374 3416 laitde
382 3365 509 3416 belai-oi:
524 3366 582 3416 saul
592 3363 750 3416 l’indemnite
763 3371 852 3416 contre
868 3365 934 3416 celui
946 3365 991 3428 qrri
1004 3366 1066 3416 s’est
1147 3439 1148 3442 Ἴ

82 3445 155 3572 {lorti
166 3447 219 3496 tort
232 3461 267 3497 ou
280 3450 324 3514 qni
334 3463 348 3500 a
358 3450 453 3513 promis
464 3449 495 3498 de
510 3448 574 3500 faire
586 3448 692 3511 retiner.
711 3449 732 3498 si
743 3449 767 3498 le
781 3448 844 3499 tiers
854 3447 938 3500 refusa
953 3448 985 3500 de
999 3449 1066 3500 tenir

101 3536 280 3592 engagement.
