2712 4164
144 409 309 479 cessaverit
324 409 378 497 jus
404 411 621 489 creditorum,
647 412 778 477 cessavit
808 412 943 498 proinde
967 414 1119 501 obligatio

143 516 307 582 debitoris.

184 621 217 686 9.
232 621 368 689 Tollitur
378 621 651 710 autsuspenditur
661 622 811 702 totaliter,
835 623 860 688 si
880 621 1126 709 impossibilitas-

26 768 29 779 ·
141 726 317 808 sittotalis3
335 727 443 815 quoad
468 735 604 816 pectem,
635 728 660 794 si
676 727 930 816 «impossibilitas
951 728 991 796 sit
1011 731 1118 815 quoid
1134 725 1156 739 ”'

140 841 275 920 portent.
609 883 611 892 r
841 875 844 884 ·
906 877 909 882 ,

186 933 218 1000 ll.
245 935 382 1010 Tollitur
406 934 570 1016 absolutes
584 937 610 1004 si
627 936 866 1024 impossibilitas
894 939 935 1006 sit
956 936 1116 1006 absoluta.

138 1042 228 1111 «e-Si
244 1043 416 1123 restitutio,
432 1043 506 1113 ticet
522 1043 682 1130 possibilis
695 1044 845 1112 absolute·
859 1067 917 1112 seu
933 1046 966 1112 in
983 1066 1031 1124 se,
1049 1064 1115 1111 non

137 1148 240 1238 possit
255 1148 324 1216 lieri
351 1149 502 1218 creditori
515 1150 583 1238 ipsi
599 1150 668 1216 sine
688 1152 917 1234 gravidantno
939 1151 1116 1229 debitoris3

137 1251 268 1318 debitor
290 1253 493 1341 dispensatur
518 1257 536 1320 e
566 1255 769 1321 restitutione
796 1255 942 1322 iacienda
970 1255 1121 1322 creditori
1176 1257 1179 1262 ’

140 1354 240 1421 etiarn
268 1355 409 1439 cognito.
434 1356 577 1422 Tenetur
598 1369 707 1422 autem
740 1357 909 1424 restituere
936 1355 1121 1424 lraeredibus

139 1445 323 1524 creditoris,
343 1445 368 1510 si
382 1443 498 1532 possit3
517 1446 736 1533 pauperibus.
744 1447 772 1512 si
787 1467 864 1516 non·
877 1446 988 1535 possit.
1008 1447 1120 1524 Porro,

138 1561 174 1614 ut
201 1548 357 1614 damnum
382 1547 537 1615 debitoris
558 1549 599 1616 sit
622 1549 819 1616 sufficienter
842 1568 938 1635 grave
965 1549 1005 1616 cd
1028 1547 1122 1620 illurn

139 1650 419 1740 dispensandum,
441 1651 616 1738 requiritur
637 1665 673 1718 ut
695 1651 826 1723 excedat
848 1652 984 1740 duplum
1012 1651 1121 1724 damni
1146 1646 1172 1670 ''

140 1750 310 1826 creditoris
326 1750 391 1841 (l).
1121 1808 1123 1814 s

187 1854 412 1922 Controversa.
423 1856 552 1922 -Duo
569 1857 731 1946 praecipue
747 1853 1055 1926 controvertuntur.}
1097 1917 1101 1926 ,

188 1958 223 2022 lt
256 1957 297 2042 Q.
326 1959 443 2024 Utrrtnr.
457 1960 627 2030 restituere.
643 1970 789 2035 tencatur
809 1960 872 2047 qni
893 1981 962 2038 ‚rem
981 1960 1122 2034 alicacia

140 2053 176 2128 ia
198 2062 383 2128 necessitate
391 2063 534 2128 cetremd
546 2064 669 2148 aceepit
683 2075 713 2128 et
723 2063 945 2148 *conceperit

187 2165 226 2231 ll.
247 2165 392 2232 Tenetur
404 2167 503 2232 certe.
525 2166 560 2232 1⁰
577 2166 610 2234 Si
630 2164 797 2254 objectum
811 2167 844 2234 in
868 2167 1056 2236 necessitate
1073 2187 1122 2232 ex·

141 2274 246 2336 trenna
270 2279 437 2356 accepturu
463 2267 569 2336 adhuc
609 2268 732 2338 existat.
762 2269 953 2356 Siquidem,
981 2282 1124 2338 cessante

140 2377 345 2456 necestitate,
371 2389 473 2444 cessat
486 2375 543 2463 jus
567 2397 636 2444 rent
657 2377 795 2444 alienam
817 2377 1016 2468 possidendi.
1031 2376 1123 2443 -20

139 2482 174 2550 Si
202 2487 275 2546 ante
301 2480 523 2548 necessitatem
550 2493 813 2550 extremamrem
829 2481 947 2549 delicto
969 2494 1026 2550 eut
1045 2501 1123 2548 con·

140 2596 246 2652 tractu
267 2582 484 2671 acquisiverit.
514 2584 598 2666 Quia
628 2604 686 2671 per
710 2583 769 2650 ista
800 2581 881 2650 lacta
899 2583 1122 2650 emicuisset

138 2685 386 2772 obligationem,
403 2705 478 2773 quae
494 2685 702 2776 neccessitate
711 2691 855 2768 extrema
878 2703 943 2750 non
958 2684 1018 2752 luit
1033 2683 1124 2750 abro-

139 2799 228 2878 gata.
239 2827 285 2841 ·-
295 2789 332 2856 5⁰
348 2789 382 2858 Si
402 2798 630 2876 temporeque
651 2806 719 2851 rem
735 2785 857 2870 accepit
873 2793 905 2851 et
926 2784 1126 2872 consumpsit

139 2915 179 2962 re
210 2897 339 2962 tantiam
363 2901 396 2960 ¹ct
416 2912 480 2960 non
505 2910 562 2976 spe
586 2909 709 2978 pauper
734 2886 845 2962 luerit.
872 2885 1039 2974 Siquidem
1068 2909 1132 2976 per
1186 2899 1189 2904 '

141 2993 369 3066 necessitatem
385 3003 573 3078 extremam,
590 2991 702 3084 positis
728 2987 996 3070 circumstantiis,
1015 2992 1125 3077 aequi-

140 3099 278 3188 sivitjus
292 3100 334 3168 arl
356 3119 452 3166 usum
476 3097 522 3166 rei
534 3097 670 3185 tanturn,
688 3118 754 3165 non
769 3103 846 3162 vero
863 3096 902 3166 ad
921 3115 989 3162 cern
1007 3095 1122 3184 ipsarn,
1215 3171 1216 3174 Ἴ

142 3204 190 3271 rei
209 3198 346 3292 proinde
362 3201 502 3269 valorem
517 3201 654 3270 reddere
670 3201 767 3269 debet
781 3201 969 3269 necessitate
986 3206 1126 3266 extreme

143 3314 305 3374 cessante.
1120 3355 1123 3365 .

142 3417 147 3426 '
190 3409 305 3476 Utrum
321 3415 428 3475 autom
442 3415 586 3474 teneatur
599 3408 639 3472 ad
653 3406 887 3473 restitutionem
903 3412 975 3493 post
992 3403 1126 3472 necessi-

184 3622 218 3686 (ἱ)
237 3621 263 3671 S.
282 3621 348 3685 lig„
367 3619 412 3670 tin.
429 3619 470 3681 lll‚
485 3633 512 3672 n.
528 3621 586 3670 698.
