2616 3982
606 208 807 278 -572-

267 355 316 420 De
343 353 518 420 traditione
539 353 587 417 rei
611 351 760 431 uenditor,
781 351 846 420 vid.
862 351 957 418 ¹God.
981 355 1041 420 civ.
1075 355 1118 420 cb
1146 371 1210 423 art.

226 461 312 528 root
326 460 366 526 ad
385 459 484 526 idid.

267 575 305 640 5⁰
329 575 472 642 Tenetur
498 573 644 641 venditor
671 593 860 640 assecurare
891 593 960 640 rem
984 575 1151 644 venditam
1166 616 1216 627 —

222 695 333 750 contre
365 681 574 760 evictionem,
601 677 797 766 quibusdum
830 677 969 747 casibus
980 683 1147 806 exceptis3
1166 723 1215 735 -—

222 802 333 856 eontra
345 787 502 866 deiectus,
518 807 575 852 seu
591 785 665 852 vitia
679 784 738 852 rei

267 907 459 972 mseeurare
474 923 542 970 rem
568 914 677 970 eontra
695 901 903 969 evictionem:

267 1018 363 1084 Adest
379 1017 505 1096 evictio,
531 1021 606 1082 oium
623 1028 750 1105 emptor
772 1017 938 1102 obligatur
958 1018 999 1084 od
1023 1000 1092 1086 rem
1107 1013 1209 1088 'nitori

222 1121 434 1192 reddendam.
453 1124 552 1190 Porro
568 1123 715 1188 venditor
731 1134 859 1190 tenetur
877 1137 1063 1190 assecurare
1078 1138 1208 1212 empto·

223 1252 293 1300 rem
303 1237 423 1297 'contm
433 1227 635 1306 evictionem,
650 1227 685 1293 io
697 1239 758 1308 est,
773 1241 926 1316 praestare
943 1241 1113 1318 utemptor
1133 1251 1207 1298 rem

225 1339 415 1406 conservare
432 1333 552 1424 possit,
576 1347 633 1422 aut
652 1355 728 1400 eum
753 1333 890 1402 reddere
914 1327 1115 1404 indemnem
1132 1336 1208 1404 iiaec
1306 1383 1307 1392 ,

225 1445 378 1531 obligatio
388 1443 534 1530 sequitur
542 1435 620 1525 jore
640 1441 799 1506 notoroii.
818 1439 949 1529 Empior
963 1441 1051 1510 enim
1066 1463 1132 1510 nou
1153 1443 1207 1510 dat

224 1553 377 1640 pretium,
391 1549 452 1615 nisi
468 1548 530 1614 sub
546 1547 730 1614 conditione
758 1547 940 1614 dominium
963 1549 1010 1614 rei
1025 1549 1205 1636 accipiendi

225 1659 243 1724 i
265 1655 451 1733 venditore;
467 1653 745 1741 teneturproinde
760 1652 924 1734 venditor,
943 1665 1000 1722 aut
1019 1675 1207 1721 assecurare

222 1762 363 1848 emptori
388 1761 434 1826 rei
447 1759 712 1846 possessionem,
736 1767 791 1825 atrt
815 1780 890 1826 eorm
905 1773 1060 1848 praestaro
1075 1759 1207 1828 indem-

227 1885 315 1932 nem.
642 1887 645 1894 ·

270 1977 468 2046 indemnitas
484 1984 592 2058 autom
609 1977 715 2045 dehita
739 1980 824 2046 varia
841 1993 901 2058 est,
922 1985 1018 2069 proiit
1035 1983 1151 2050 evictio
1160 1997 1207 2050 cst
1305 1985 1306 2020 ³

228 2085 346 2162 totalis,
360 2093 416 2148 aut
431 2082 584 2170 partialis.
642 2141 646 2150 .
913 2171 916 2176 Ι

272 2199 305 2266 Si
322 2198 436 2266 evictio
463 2199 504 2266 sit
527 2199 655 2279 totoiia3
685 2200 839 2270 Venditor
857 2211 985 2268 tenetur
1005 2204 1039 2268 d..
1068 2205 1207 2273 reddero

227 2307 366 2392 pretium
380 2305 558 2390 integrum
573 2306 699 2372 nulium
713 2307 801 2372 enim
822 2307 950 2374 titulum
966 2307 1066 2374 habet
1081 2311 1123 2376 ad
1140 2331 1207 2400 prc-

226 2413 320 2484 tium.
338 2451 382 2462 -
398 2413 539 2480 Pretium
568 2413 729 2499 integrum
755 2413 923 2480 restituere
943 2414 1052 2494 debet,
1081 2417 1206 2486 etiamsi

226 2518 316 2613 valor
341 2519 389 2585 rei
420 2515 609 2584 imminutus
629 2517 727 2584 iuerit
744 2518 839 2607 culpo
862 2520 1017 2608 emptoris
1037 2519 1125 2588 bone
1142 2522 1204 2588 fide
1305 2559 1306 2580 c

225 2625 386 2697 credentis
402 2624 619 2692 venditionem
630 2623 729 2692 iuissc
740 2625 894 2704 validam3
908 2626 1070 2712 siquidem
1079 2639 1206 2715 emptor

225 2734 419 2821 supponitur
433 2731 518 2800 bono
531 2731 608 2811 fide,
628 2731 763 2819 proinde
779 2753 844 2800 non
866 2739 1000 2826 tenetur
1010 2733 1052 2798 de
1078 2733 1204 2800 damnis

225 2839 272 2904 rei
295 2837 491 2906 illatis-A
512 2837 654 2917 fortiori,
683 2838 825 2926 pretium
847 2837 1015 2904 restituere
1039 2839 1156 2918 dehet,
1174 2839 1203 2906 si

225 2941 316 3009 valor
331 2939 638 3012 imminutusiuerii
658 2943 781 3029 absque
802 2939 896 3029 culpi
911 2945 1079 3029 emptoris.
1099 2944 1205 3010 -lu-

226 3069 324 3136 super
351 3056 479 3116 tenetur
503 3047 641 3116 reddere
659 3059 809 3135 sumptus
834 3052 1037 3127 contractus3
1066 3049 1203 3127 fruetus,

226 3153 358 3242 quondo
371 3166 497 3242 emptor
513 3175 568 3220 eos
585 3153 723 3222 restituit
738 3151 888 3243 domino}
909 3167 1057 3242 sumptus
1080 3173 1139 3242 pro
1162 3155 1206 3221 in·

227 3259 379 3328 tentando
395 3259 520 3326 actione
531 3259 596 3324 sive
613 3257 778 3346 emptoris,
794 3247 860 3324 sive
871 3252 1006 3326 domini.

137 3455 139 3460 ι
270 3375 454 3442 Teneturi.
478 3372 1007 3460 restitueredamnoquoepatitur
1022 3384 1152 3461 emptor
1167 3392 1206 3438 ex

221 3481 393 3559 auctione,
413 3481 438 3546 si
456 3480 537 3546 adsit
555 3477 646 3567 culpo
664 3479 846 3560 sufficiens,
875 3479 973 3548 ruodo
997 3489 1121 3568 emptor
1136 3497 1205 3545 rnen

1293 3615 1304 3960 i
