<?xml version="1.0" encoding="UTF-8"?>
<!DOCTYPE html PUBLIC "-//W3C//DTD XHTML 1.0 Transitional//EN"
    "http://www.w3.org/TR/xhtml1/DTD/xhtml1-transitional.dtd">
<html xmlns="http://www.w3.org/1999/xhtml" xml:lang="en" lang="en">
 <head>
  <title>
</title>
<meta http-equiv="Content-Type" content="text/html;charset=utf-8" />
  <meta name='ocr-system' content='tesseract 3.04.00' />
  <meta name='ocr-capabilities' content='ocr_page ocr_carea ocr_par ocr_line ocrx_word'/>
</head>
<body>
  <div class='ocr_page' id='page_1' title='image "./theologiadogmat00fraigoog_0450.png"; bbox 0 0 2606 3974; ppageno 0'>
   <div class='ocr_carea' id='block_1_1' title="bbox 620 193 821 272">
    <p class='ocr_par' dir='ltr' id='par_1_1' title="bbox 620 193 821 272">
     <span class='ocr_line' id='line_1_1' title="bbox 620 193 821 272; baseline -0.005 0"><span class='ocrx_word' id='word_1_1' title='bbox 620 193 821 272; x_wconf 75' lang='lat' dir='ltr'>-ttt-</span> 
     </span>
    </p>
   </div>
   <div class='ocr_carea' id='block_1_2' title="bbox 174 327 1257 3444">
    <p class='ocr_par' dir='ltr' id='par_1_2' title="bbox 223 327 1257 1444">
     <span class='ocr_line' id='line_1_2' title="bbox 258 327 1257 419; baseline -0.008 -15"><span class='ocrx_word' id='word_1_2' title='bbox 258 349 272 410; x_wconf 75' lang='lat' dir='ltr'>t</span> <span class='ocrx_word' id='word_1_3' title='bbox 289 349 316 404; x_wconf 74' lang='lat' dir='ltr'>l.</span> <span class='ocrx_word' id='word_1_4' title='bbox 333 331 400 402; x_wconf 64' lang='lat' dir='ltr'>lost</span> <span class='ocrx_word' id='word_1_5' title='bbox 413 347 473 404; x_wconf 81' lang='lat' dir='ltr'>haeo</span> <span class='ocrx_word' id='word_1_6' title='bbox 487 344 680 416; x_wconf 74' lang='lat' dir='ltr'>praecepimus,</span> <span class='ocrx_word' id='word_1_7' title='bbox 695 346 725 396; x_wconf 90' lang='lat' dir='ltr'>ut</span> <span class='ocrx_word' id='word_1_8' title='bbox 739 341 816 396; x_wconf 91' lang='lat' dir='ltr'>omni</span> <span class='ocrx_word' id='word_1_9' title='bbox 829 341 950 419; x_wconf 80' lang='lat' dir='ltr'>partium</span> <span class='ocrx_word' id='word_1_10' title='bbox 957 327 1046 398; x_wconf 85' lang='lat' dir='ltr'>studio</span> <span class='ocrx_word' id='word_1_11' title='bbox 1060 341 1174 418; x_wconf 79' lang='lat' dir='ltr'>omnique·</span> <span class='ocrx_word' id='word_1_12' title='bbox 1256 339 1257 344; x_wconf 74' lang='grc'>’</span> 
     </span>
     <span class='ocr_line' id='line_1_3' title="bbox 223 428 1179 506; baseline -0.008 -16"><span class='ocrx_word' id='word_1_13' title='bbox 223 435 376 506; x_wconf 79' lang='lat' dir='ltr'>&#39;eupiditate</span> <span class='ocrx_word' id='word_1_14' title='bbox 390 433 492 500; x_wconf 85' lang='lat' dir='ltr'>soluti,</span> <span class='ocrx_word' id='word_1_15' title='bbox 518 447 578 488; x_wconf 91' lang='lat' dir='ltr'>rem</span> <span class='ocrx_word' id='word_1_16' title='bbox 592 434 678 486; x_wconf 83' lang='lat' dir='ltr'>totam</span> <span class='ocrx_word' id='word_1_17' title='bbox 696 431 824 484; x_wconf 79' lang='lat' dir='ltr'>accurate</span> <span class='ocrx_word' id='word_1_18' title='bbox 839 428 1060 498; x_wconf 80' lang='lat' dir='ltr'>perpenderent,</span> <span class='ocrx_word' id='word_1_19' title='bbox 1081 444 1179 500; x_wconf 75' lang='lat' dir='ltr'>masque</span> 
     </span>
     <span class='ocr_line' id='line_1_4' title="bbox 223 515 1179 593; baseline -0.009 -15"><span class='ocrx_word' id='word_1_20' title='bbox 223 524 371 593; x_wconf 81' lang='lat' dir='ltr'>opiniones</span> <span class='ocrx_word' id='word_1_21' title='bbox 388 520 491 591; x_wconf 84' lang='lat' dir='ltr'>scripto</span> <span class='ocrx_word' id='word_1_22' title='bbox 506 515 666 584; x_wconf 64' lang='lat' dir='ltr'>exararent}</span> <span class='ocrx_word' id='word_1_23' title='bbox 683 518 848 573; x_wconf 86' lang='lat' dir='ltr'>nontamen</span> <span class='ocrx_word' id='word_1_24' title='bbox 869 517 1053 586; x_wconf 65' lang='lat' dir='ltr'>expetivimus</span> <span class='ocrx_word' id='word_1_25' title='bbox 1070 518 1102 572; x_wconf 87' lang='lat' dir='ltr'>ab</span> <span class='ocrx_word' id='word_1_26' title='bbox 1116 517 1179 586; x_wconf 90' lang='lat' dir='ltr'>ipsis,</span> 
     </span>
     <span class='ocr_line' id='line_1_5' title="bbox 225 603 1183 680; baseline -0.008 -16"><span class='ocrx_word' id='word_1_27' title='bbox 225 615 254 668; x_wconf 89' lang='lat' dir='ltr'>ut</span> <span class='ocrx_word' id='word_1_28' title='bbox 266 609 401 680; x_wconf 82' lang='lat' dir='ltr'>judicium</span> <span class='ocrx_word' id='word_1_29' title='bbox 415 609 520 664; x_wconf 79' lang='lat' dir='ltr'>ferrent</span> <span class='ocrx_word' id='word_1_30' title='bbox 532 607 568 662; x_wconf 87' lang='lat' dir='ltr'>de</span> <span class='ocrx_word' id='word_1_31' title='bbox 582 607 725 660; x_wconf 84' lang='lat' dir='ltr'>contractu</span> <span class='ocrx_word' id='word_1_32' title='bbox 738 603 786 674; x_wconf 90' lang='lat' dir='ltr'>qui</span> <span class='ocrx_word' id='word_1_33' title='bbox 800 604 1111 661; x_wconf 73' lang='lat' dir='ltr'>controversiasoausam</span> <span class='ocrx_word' id='word_1_34' title='bbox 1120 603 1183 658; x_wconf 91' lang='lat' dir='ltr'>initio</span> 
     </span>
     <span class='ocr_line' id='line_1_6' title="bbox 225 692 1183 766; baseline -0.008 -15"><span class='ocrx_word' id='word_1_35' title='bbox 225 697 393 766; x_wconf 85' lang='lat' dir='ltr'>praebuerat,</span> <span class='ocrx_word' id='word_1_36' title='bbox 412 710 475 750; x_wconf 90' lang='lat' dir='ltr'>oum</span> <span class='ocrx_word' id='word_1_37' title='bbox 489 695 569 763; x_wconf 85' lang='lat' dir='ltr'>plura</span> <span class='ocrx_word' id='word_1_38' title='bbox 583 692 751 748; x_wconf 84' lang='lat' dir='ltr'>documenta</span> <span class='ocrx_word' id='word_1_39' title='bbox 764 702 822 746; x_wconf 90' lang='lat' dir='ltr'>uon</span> <span class='ocrx_word' id='word_1_40' title='bbox 836 693 1017 765; x_wconf 84' lang='lat' dir='ltr'>suppeterent</span> <span class='ocrx_word' id='word_1_41' title='bbox 1030 705 1090 761; x_wconf 84' lang='lat' dir='ltr'>quae</span> <span class='ocrx_word' id='word_1_42' title='bbox 1102 705 1183 745; x_wconf 81' lang='lat' dir='ltr'>neees-</span> 
     </span>
     <span class='ocr_line' id='line_1_7' title="bbox 226 776 1185 850; baseline -0.007 -14"><span class='ocrx_word' id='word_1_43' title='bbox 226 783 300 838; x_wconf 86' lang='lat' dir='ltr'>sario</span> <span class='ocrx_word' id='word_1_44' title='bbox 314 782 350 836; x_wconf 86' lang='lat' dir='ltr'>ad</span> <span class='ocrx_word' id='word_1_45' title='bbox 367 780 396 836; x_wconf 93' lang='lat' dir='ltr'>id</span> <span class='ocrx_word' id='word_1_46' title='bbox 418 780 642 850; x_wconf 85' lang='lat' dir='ltr'>requirebantur;</span> <span class='ocrx_word' id='word_1_47' title='bbox 667 778 719 832; x_wconf 90' lang='lat' dir='ltr'>sed</span> <span class='ocrx_word' id='word_1_48' title='bbox 732 781 762 832; x_wconf 93' lang='lat' dir='ltr'>ut</span> <span class='ocrx_word' id='word_1_49' title='bbox 775 779 879 832; x_wconf 80' lang='lat' dir='ltr'>&lt;tertam</span> <span class='ocrx_word' id='word_1_50' title='bbox 894 776 929 832; x_wconf 89' lang='lat' dir='ltr'>de</span> <span class='ocrx_word' id='word_1_51' title='bbox 944 778 1035 832; x_wconf 85' lang='lat' dir='ltr'>usuris</span> <span class='ocrx_word' id='word_1_52' title='bbox 1051 777 1185 831; x_wconf 86' lang='lat' dir='ltr'>doetriuam</span> 
     </span>
     <span class='ocr_line' id='line_1_8' title="bbox 226 852 1185 933; baseline -0.009 -9"><span class='ocrx_word' id='word_1_53' title='bbox 226 867 438 933; x_wconf 71' lang='lat' dir='ltr'>eonstituereat</span> <span class='ocrx_word' id='word_1_54' title='bbox 455 866 500 920; x_wconf 84' lang='lat' dir='ltr'>eui</span> <span class='ocrx_word' id='word_1_55' title='bbox 513 882 571 921; x_wconf 84' lang='lat' dir='ltr'>non</span> <span class='ocrx_word' id='word_1_56' title='bbox 584 852 726 920; x_wconf 81' lang='lat' dir='ltr'>mediocre</span> <span class='ocrx_word' id='word_1_57' title='bbox 740 863 938 918; x_wconf 73' lang='lat' dir='ltr'>detrimentum</span> <span class='ocrx_word' id='word_1_58' title='bbox 955 864 1060 920; x_wconf 88' lang='lat' dir='ltr'>inlerre</span> <span class='ocrx_word' id='word_1_59' title='bbox 1072 863 1185 920; x_wconf 78' lang='lat' dir='ltr'>rideban-</span> 
     </span>
     <span class='ocr_line' id='line_1_9' title="bbox 227 950 1257 1023; baseline -0.007 -15"><span class='ocrx_word' id='word_1_60' title='bbox 227 961 271 1010; x_wconf 89' lang='lat' dir='ltr'>tur</span> <span class='ocrx_word' id='word_1_61' title='bbox 290 967 324 1008; x_wconf 86' lang='lat' dir='ltr'>ea</span> <span class='ocrx_word' id='word_1_62' title='bbox 345 967 409 1023; x_wconf 77' lang='lat' dir='ltr'>qua</span> <span class='ocrx_word' id='word_1_63' title='bbox 421 967 512 1022; x_wconf 87' lang='lat' dir='ltr'>nuper</span> <span class='ocrx_word' id='word_1_64' title='bbox 531 953 562 1006; x_wconf 91' lang='lat' dir='ltr'>in</span> <span class='ocrx_word' id='word_1_65' title='bbox 575 954 676 1021; x_wconf 82' lang='lat' dir='ltr'>vulgus</span> <span class='ocrx_word' id='word_1_66' title='bbox 689 950 783 1021; x_wconf 79' lang='lat' dir='ltr'>spargi</span> <span class='ocrx_word' id='word_1_67' title='bbox 806 953 963 1020; x_wconf 72' lang='lat' dir='ltr'>eruperunt</span> <span class='ocrx_word' id='word_1_68' title='bbox 978 951 1061 1008; x_wconf 78' lang='lat' dir='ltr'>iussa</span> <span class='ocrx_word' id='word_1_69' title='bbox 1078 951 1184 1004; x_wconf 78' lang='lat' dir='ltr'>leserunt</span> <span class='ocrx_word' id='word_1_70' title='bbox 1256 957 1257 1020; x_wconf 78' lang='lat' dir='ltr'>j</span> 
     </span>
     <span class='ocr_line' id='line_1_10' title="bbox 228 1035 1257 1108; baseline -0.006 -14"><span class='ocrx_word' id='word_1_71' title='bbox 228 1039 364 1104; x_wconf 76' lang='lat' dir='ltr'>universi3</span> <span class='ocrx_word' id='word_1_72' title='bbox 384 1045 450 1093; x_wconf 87' lang='lat' dir='ltr'>nam</span> <span class='ocrx_word' id='word_1_73' title='bbox 472 1055 534 1094; x_wconf 86' lang='lat' dir='ltr'>suas</span> <span class='ocrx_word' id='word_1_74' title='bbox 558 1039 709 1094; x_wconf 88' lang='lat' dir='ltr'>sententias</span> <span class='ocrx_word' id='word_1_75' title='bbox 732 1039 825 1108; x_wconf 90' lang='lat' dir='ltr'>palam</span> <span class='ocrx_word' id='word_1_76' title='bbox 849 1037 1029 1092; x_wconf 77' lang='lat' dir='ltr'>declararunt</span> <span class='ocrx_word' id='word_1_77' title='bbox 1049 1037 1077 1092; x_wconf 88' lang='lat' dir='ltr'>ia</span> <span class='ocrx_word' id='word_1_78' title='bbox 1097 1035 1186 1090; x_wconf 88' lang='lat' dir='ltr'>duabus</span> <span class='ocrx_word' id='word_1_79' title='bbox 1256 1075 1257 1104; x_wconf 63' lang='lat'>,</span> 
     </span>
     <span class='ocr_line' id='line_1_11' title="bbox 228 1121 1185 1197; baseline -0.007 -17"><span class='ocrx_word' id='word_1_80' title='bbox 228 1125 504 1197; x_wconf 79' lang='lat' dir='ltr'>congregationibus,</span> <span class='ocrx_word' id='word_1_81' title='bbox 526 1141 641 1196; x_wconf 89' lang='lat' dir='ltr'>quarum</span> <span class='ocrx_word' id='word_1_82' title='bbox 660 1125 751 1194; x_wconf 84' lang='lat' dir='ltr'>prima</span> <span class='ocrx_word' id='word_1_83' title='bbox 769 1131 864 1180; x_wconf 84' lang='lat' dir='ltr'>eoram</span> <span class='ocrx_word' id='word_1_84' title='bbox 878 1123 960 1180; x_wconf 90' lang='lat' dir='ltr'>nobis</span> <span class='ocrx_word' id='word_1_85' title='bbox 974 1121 1067 1180; x_wconf 85' lang='lat' dir='ltr'>habitu</span> <span class='ocrx_word' id='word_1_86' title='bbox 1082 1125 1133 1189; x_wconf 81' lang='lat' dir='ltr'>est,</span> <span class='ocrx_word' id='word_1_87' title='bbox 1146 1121 1185 1174; x_wconf 84' lang='lat' dir='ltr'>die</span> 
     </span>
     <span class='ocr_line' id='line_1_12' title="bbox 229 1209 1255 1283; baseline -0.008 -16"><span class='ocrx_word' id='word_1_88' title='bbox 229 1213 264 1268; x_wconf 84' lang='lat'>18</span> <span class='ocrx_word' id='word_1_89' title='bbox 276 1213 353 1280; x_wconf 88' lang='lat' dir='ltr'>Julii,</span> <span class='ocrx_word' id='word_1_90' title='bbox 368 1213 454 1268; x_wconf 86' lang='lat' dir='ltr'>altera</span> <span class='ocrx_word' id='word_1_91' title='bbox 463 1228 531 1268; x_wconf 89' lang='lat' dir='ltr'>vero</span> <span class='ocrx_word' id='word_1_92' title='bbox 542 1212 586 1267; x_wconf 87' lang='lat' dir='ltr'>die</span> <span class='ocrx_word' id='word_1_93' title='bbox 596 1211 610 1268; x_wconf 93' lang='lat'>1</span> <span class='ocrx_word' id='word_1_94' title='bbox 621 1211 752 1280; x_wconf 81' lang='lat' dir='ltr'>Augusti,</span> <span class='ocrx_word' id='word_1_95' title='bbox 763 1211 931 1280; x_wconf 87' lang='lat' dir='ltr'>quimenses</span> <span class='ocrx_word' id='word_1_96' title='bbox 940 1219 1033 1283; x_wconf 79' lang='lat' dir='ltr'>u&#39;uper</span> <span class='ocrx_word' id='word_1_97' title='bbox 1040 1209 1118 1280; x_wconf 85' lang='lat' dir='ltr'>elapsi</span> <span class='ocrx_word' id='word_1_98' title='bbox 1124 1210 1187 1270; x_wconf 81' lang='lat' dir='ltr'>sunt,</span> <span class='ocrx_word' id='word_1_99' title='bbox 1254 1271 1255 1280; x_wconf 9' lang='grc' dir='ltr'>χ</span> 
     </span>
     <span class='ocr_line' id='line_1_13' title="bbox 229 1290 1190 1368; baseline -0.008 -14"><span class='ocrx_word' id='word_1_100' title='bbox 229 1314 260 1354; x_wconf 83' lang='lat' dir='ltr'>ue</span> <span class='ocrx_word' id='word_1_101' title='bbox 269 1300 383 1356; x_wconf 88' lang='lat' dir='ltr'>demum</span> <span class='ocrx_word' id='word_1_102' title='bbox 396 1290 509 1356; x_wconf 86' lang='lat' dir='ltr'>easdem</span> <span class='ocrx_word' id='word_1_103' title='bbox 525 1299 674 1354; x_wconf 85' lang='lat' dir='ltr'>sententias</span> <span class='ocrx_word' id='word_1_104' title='bbox 689 1298 914 1368; x_wconf 84' lang='lat' dir='ltr'>congregationis</span> <span class='ocrx_word' id='word_1_105' title='bbox 928 1293 1078 1354; x_wconf 83' lang='lat' dir='ltr'>secretario</span> <span class='ocrx_word' id='word_1_106' title='bbox 1092 1296 1190 1365; x_wconf 83' lang='lat' dir='ltr'>scriptas</span> 
     </span>
     <span class='ocr_line' id='line_1_14' title="bbox 231 1386 413 1444; baseline 0 -3"><span class='ocrx_word' id='word_1_107' title='bbox 231 1386 413 1444; x_wconf 86' lang='lat' dir='ltr'>tradiderunt.</span> 
     </span>
    </p>

    <p class='ocr_par' dir='ltr' id='par_1_3' title="bbox 265 1471 1006 1544">
     <span class='ocr_line' id='line_1_15' title="bbox 265 1471 1006 1544; baseline 0 -18"><span class='ocrx_word' id='word_1_108' title='bbox 265 1474 278 1542; x_wconf 69' lang='grc'>5</span> <span class='ocrx_word' id='word_1_109' title='bbox 297 1473 323 1528; x_wconf 90' lang='grc'>3.</span> <span class='ocrx_word' id='word_1_110' title='bbox 339 1473 427 1530; x_wconf 89' lang='lat' dir='ltr'>Porro</span> <span class='ocrx_word' id='word_1_111' title='bbox 442 1473 503 1528; x_wconf 82' lang='lat' dir='ltr'>haeo</span> <span class='ocrx_word' id='word_1_112' title='bbox 518 1471 642 1527; x_wconf 90' lang='lat' dir='ltr'>unanimi</span> <span class='ocrx_word' id='word_1_113' title='bbox 652 1487 791 1544; x_wconf 77' lang='lat' dir='ltr'>consensu</span> <span class='ocrx_word' id='word_1_114' title='bbox 805 1472 1006 1542; x_wconf 87' lang='lat' dir='ltr'>probaverunt.</span> 
     </span>
    </p>

    <p class='ocr_par' dir='ltr' id='par_1_4' title="bbox 174 1545 1255 2232">
     <span class='ocr_line' id='line_1_16' title="bbox 266 1545 1190 1630; baseline -0.005 -19"><span class='ocrx_word' id='word_1_115' title='bbox 266 1559 289 1611; x_wconf 93' lang='lat' dir='ltr'>l.</span> <span class='ocrx_word' id='word_1_116' title='bbox 306 1557 416 1614; x_wconf 83' lang='lat' dir='ltr'>Peeaati</span> <span class='ocrx_word' id='word_1_117' title='bbox 432 1573 520 1630; x_wconf 86' lang='lat' dir='ltr'>genus</span> <span class='ocrx_word' id='word_1_118' title='bbox 543 1557 611 1613; x_wconf 90' lang='lat' dir='ltr'>illud</span> <span class='ocrx_word' id='word_1_119' title='bbox 626 1555 701 1626; x_wconf 88' lang='lat' dir='ltr'>quod</span> <span class='ocrx_word' id='word_1_120' title='bbox 715 1563 799 1612; x_wconf 86' lang='lat' dir='ltr'>usura</span> <span class='ocrx_word' id='word_1_121' title='bbox 813 1561 928 1613; x_wconf 80' lang='lat' dir='ltr'>vocatur</span> <span class='ocrx_word' id='word_1_122' title='bbox 943 1545 1103 1628; x_wconf 82' lang='lat' dir='ltr'>(quodque</span> <span class='ocrx_word' id='word_1_123' title='bbox 1097 1573 1124 1612; x_wconf 88' lang='grc' dir='ltr'>ιιι</span> <span class='ocrx_word' id='word_1_124' title='bbox 1136 1560 1190 1608; x_wconf 63' lang='lat' dir='ltr'>eorl*</span> 
     </span>
     <span class='ocr_line' id='line_1_17' title="bbox 232 1639 1255 1715; baseline -0.006 -15"><span class='ocrx_word' id='word_1_125' title='bbox 232 1639 319 1700; x_wconf 80' lang='lat' dir='ltr'>tractu</span> <span class='ocrx_word' id='word_1_126' title='bbox 333 1645 422 1700; x_wconf 89' lang='lat' dir='ltr'>mutui</span> <span class='ocrx_word' id='word_1_127' title='bbox 436 1645 578 1715; x_wconf 90' lang='lat' dir='ltr'>propriam</span> <span class='ocrx_word' id='word_1_128' title='bbox 597 1644 692 1698; x_wconf 86' lang='lat' dir='ltr'>sedern</span> <span class='ocrx_word' id='word_1_129' title='bbox 707 1647 734 1698; x_wconf 90' lang='lat' dir='ltr'>et</span> <span class='ocrx_word' id='word_1_130' title='bbox 748 1644 841 1698; x_wconf 84' lang='lat' dir='ltr'>locum</span> <span class='ocrx_word' id='word_1_131' title='bbox 855 1643 983 1715; x_wconf 87' lang='lat' dir='ltr'>habet),</span> <span class='ocrx_word' id='word_1_132' title='bbox 976 1661 1006 1698; x_wconf 89' lang='grc' dir='ltr'>ιιι</span> <span class='ocrx_word' id='word_1_133' title='bbox 1020 1661 1054 1699; x_wconf 88' lang='lat' dir='ltr'>eo</span> <span class='ocrx_word' id='word_1_134' title='bbox 1068 1648 1108 1699; x_wconf 92' lang='lat' dir='ltr'>est</span> <span class='ocrx_word' id='word_1_135' title='bbox 1123 1657 1191 1710; x_wconf 89' lang='lat' dir='ltr'>repo</span> <span class='ocrx_word' id='word_1_136' title='bbox 1254 1668 1255 1680; x_wconf 47' lang='grc' dir='ltr'>ι</span> 
     </span>
     <span class='ocr_line' id='line_1_18' title="bbox 231 1729 1192 1803; baseline -0.008 -15"><span class='ocrx_word' id='word_1_137' title='bbox 231 1733 325 1799; x_wconf 86' lang='lat' dir='ltr'>situm,</span> <span class='ocrx_word' id='word_1_138' title='bbox 340 1731 416 1803; x_wconf 85' lang='lat' dir='ltr'>quod</span> <span class='ocrx_word' id='word_1_139' title='bbox 430 1733 492 1802; x_wconf 90' lang='lat' dir='ltr'>quis</span> <span class='ocrx_word' id='word_1_140' title='bbox 507 1747 543 1788; x_wconf 83' lang='lat' dir='ltr'>ex</span> <span class='ocrx_word' id='word_1_141' title='bbox 565 1731 685 1801; x_wconf 85' lang='lat' dir='ltr'>ipsomet</span> <span class='ocrx_word' id='word_1_142' title='bbox 698 1731 810 1800; x_wconf 85' lang='lat' dir='ltr'>mutuo,</span> <span class='ocrx_word' id='word_1_143' title='bbox 825 1729 901 1802; x_wconf 87' lang='lat' dir='ltr'>quod</span> <span class='ocrx_word' id='word_1_144' title='bbox 923 1735 1022 1800; x_wconf 88' lang='lat' dir='ltr'>suapte</span> <span class='ocrx_word' id='word_1_145' title='bbox 1037 1736 1129 1801; x_wconf 86' lang='lat' dir='ltr'>natura</span> <span class='ocrx_word' id='word_1_146' title='bbox 1141 1732 1192 1782; x_wconf 87' lang='lat' dir='ltr'>taa-</span> 
     </span>
     <span class='ocr_line' id='line_1_19' title="bbox 174 1814 1195 1893; baseline -0.006 -23"><span class='ocrx_word' id='word_1_147' title='bbox 174 1825 175 1828; x_wconf 75' lang='grc'>’</span> <span class='ocrx_word' id='word_1_148' title='bbox 233 1815 356 1871; x_wconf 87' lang='lat' dir='ltr'>tumdem</span> <span class='ocrx_word' id='word_1_149' title='bbox 370 1818 504 1875; x_wconf 72' lang='lat' dir='ltr'>duntaxat</span> <span class='ocrx_word' id='word_1_150' title='bbox 520 1817 601 1871; x_wconf 85' lang='lat' dir='ltr'>reddi</span> <span class='ocrx_word' id='word_1_151' title='bbox 620 1819 752 1893; x_wconf 87' lang='lat' dir='ltr'>postulat,</span> <span class='ocrx_word' id='word_1_152' title='bbox 768 1819 902 1888; x_wconf 85' lang='lat' dir='ltr'>quantum</span> <span class='ocrx_word' id='word_1_153' title='bbox 922 1821 1068 1889; x_wconf 79' lang='lat' dir='ltr'>receptum</span> <span class='ocrx_word' id='word_1_154' title='bbox 1083 1819 1131 1883; x_wconf 88' lang='lat' dir='ltr'>est,</span> <span class='ocrx_word' id='word_1_155' title='bbox 1145 1814 1195 1884; x_wconf 91' lang='lat' dir='ltr'>plus</span> 
     </span>
     <span class='ocr_line' id='line_1_20' title="bbox 232 1899 1194 1996; baseline -0.007 -40"><span class='ocrx_word' id='word_1_156' title='bbox 232 1901 285 1956; x_wconf 85' lang='lat' dir='ltr'>sibi</span> <span class='ocrx_word' id='word_1_157' title='bbox 299 1899 380 1955; x_wconf 80' lang='lat' dir='ltr'>reddi</span> <span class='ocrx_word' id='word_1_158' title='bbox 406 1901 492 1968; x_wconf 82' lang='lat' dir='ltr'>velit,</span> <span class='ocrx_word' id='word_1_159' title='bbox 513 1905 596 1996; x_wconf 83' lang='lat' dir='ltr'>quam</span> <span class='ocrx_word' id='word_1_160' title='bbox 618 1905 763 1972; x_wconf 76' lang='lat' dir='ltr'>receptum</span> <span class='ocrx_word' id='word_1_161' title='bbox 787 1905 845 1966; x_wconf 78' lang='lat' dir='ltr'>est3</span> <span class='ocrx_word' id='word_1_162' title='bbox 861 1899 997 1970; x_wconf 85' lang='lat' dir='ltr'>ideoque</span> <span class='ocrx_word' id='word_1_163' title='bbox 1006 1905 1080 1957; x_wconf 71' lang='lat' dir='ltr'>ultra·</span> <span class='ocrx_word' id='word_1_164' title='bbox 1103 1903 1194 1954; x_wconf 82' lang='lat' dir='ltr'>sortem</span> 
     </span>
     <span class='ocr_line' id='line_1_21' title="bbox 232 1976 1194 2067; baseline -0.003 -29"><span class='ocrx_word' id='word_1_165' title='bbox 232 1976 339 2038; x_wconf 83' lang='lat' dir='ltr'>lucrum</span> <span class='ocrx_word' id='word_1_166' title='bbox 361 1983 489 2054; x_wconf 89' lang='lat' dir='ltr'>aliquod,</span> <span class='ocrx_word' id='word_1_167' title='bbox 513 1985 601 2054; x_wconf 89' lang='lat' dir='ltr'>ipsius</span> <span class='ocrx_word' id='word_1_168' title='bbox 620 1987 728 2042; x_wconf 88' lang='lat' dir='ltr'>ratione</span> <span class='ocrx_word' id='word_1_169' title='bbox 750 1977 852 2054; x_wconf 88' lang='lat' dir='ltr'>mutui,</span> <span class='ocrx_word' id='word_1_170' title='bbox 872 1985 925 2042; x_wconf 86' lang='lat' dir='ltr'>sibi</span> <span class='ocrx_word' id='word_1_171' title='bbox 939 1987 1038 2042; x_wconf 87' lang='lat' dir='ltr'>deberi</span> <span class='ocrx_word' id='word_1_172' title='bbox 1053 1983 1194 2067; x_wconf 79' lang='lat' dir='ltr'>contendat.</span> 
     </span>
     <span class='ocr_line' id='line_1_22' title="bbox 233 2056 1255 2146; baseline -0.001 -22"><span class='ocrx_word' id='word_1_173' title='bbox 233 2071 322 2124; x_wconf 83' lang='lat' dir='ltr'>Omne</span> <span class='ocrx_word' id='word_1_174' title='bbox 336 2067 484 2140; x_wconf 85' lang='lat' dir='ltr'>propterea</span> <span class='ocrx_word' id='word_1_175' title='bbox 497 2069 657 2141; x_wconf 86' lang='lat' dir='ltr'>hujusmodi</span> <span class='ocrx_word' id='word_1_176' title='bbox 670 2074 785 2126; x_wconf 86' lang='lat' dir='ltr'>luorum</span> <span class='ocrx_word' id='word_1_177' title='bbox 792 2072 867 2142; x_wconf 89' lang='lat' dir='ltr'>quod</span> <span class='ocrx_word' id='word_1_178' title='bbox 886 2071 992 2128; x_wconf 89' lang='lat' dir='ltr'>sortem</span> <span class='ocrx_word' id='word_1_179' title='bbox 1005 2056 1134 2146; x_wconf 68' lang='lat' dir='ltr'>superet,</span> <span class='ocrx_word' id='word_1_180' title='bbox 1152 2070 1195 2144; x_wconf 89' lang='lat' dir='ltr'>illi</span> <span class='ocrx_word' id='word_1_181' title='bbox 1254 2099 1255 2118; x_wconf 57' lang='grc' dir='ltr'>ι</span> 
     </span>
     <span class='ocr_line' id='line_1_23' title="bbox 235 2159 1255 2232; baseline 0.004 -22"><span class='ocrx_word' id='word_1_182' title='bbox 235 2159 319 2214; x_wconf 85' lang='lat' dir='ltr'>citum</span> <span class='ocrx_word' id='word_1_183' title='bbox 334 2161 362 2216; x_wconf 89' lang='lat' dir='ltr'>et</span> <span class='ocrx_word' id='word_1_184' title='bbox 376 2159 531 2230; x_wconf 84' lang='lat' dir='ltr'>usurarium</span> <span class='ocrx_word' id='word_1_185' title='bbox 540 2164 589 2215; x_wconf 90' lang='lat' dir='ltr'>est.</span> <span class='ocrx_word' id='word_1_186' title='bbox 1254 2227 1255 2232; x_wconf 8' lang='grc' dir='ltr'>η</span> 
     </span>
    </p>

    <p class='ocr_par' dir='ltr' id='par_1_5' title="bbox 214 2229 1255 3444">
     <span class='ocr_line' id='line_1_24' title="bbox 270 2229 1255 2320; baseline -0.004 -22"><span class='ocrx_word' id='word_1_187' title='bbox 270 2231 308 2298; x_wconf 83' lang='lat' dir='ltr'>ll</span> <span class='ocrx_word' id='word_1_188' title='bbox 324 2235 420 2318; x_wconf 83' lang='lat' dir='ltr'>Neque</span> <span class='ocrx_word' id='word_1_189' title='bbox 435 2261 512 2314; x_wconf 83' lang='lat' dir='ltr'>vero,</span> <span class='ocrx_word' id='word_1_190' title='bbox 529 2247 564 2301; x_wconf 84' lang='lat' dir='ltr'>ad</span> <span class='ocrx_word' id='word_1_191' title='bbox 578 2246 661 2301; x_wconf 84' lang='lat' dir='ltr'>istam</span> <span class='ocrx_word' id='word_1_192' title='bbox 675 2246 766 2320; x_wconf 86' lang='lat' dir='ltr'>labem</span> <span class='ocrx_word' id='word_1_193' title='bbox 779 2245 962 2316; x_wconf 82' lang='lat' dir='ltr'>purgandam,</span> <span class='ocrx_word' id='word_1_194' title='bbox 978 2247 1066 2304; x_wconf 90' lang='lat' dir='ltr'>ullum</span> <span class='ocrx_word' id='word_1_195' title='bbox 1085 2229 1197 2302; x_wconf 81' lang='lat' dir='ltr'>arcessiri</span> <span class='ocrx_word' id='word_1_196' title='bbox 1254 2283 1255 2286; x_wconf 63' lang='lat'>,</span> 
     </span>
     <span class='ocr_line' id='line_1_25' title="bbox 235 2323 1198 2404; baseline 0.002 -21"><span class='ocrx_word' id='word_1_197' title='bbox 235 2331 389 2386; x_wconf 84' lang='lat' dir='ltr'>subsidium</span> <span class='ocrx_word' id='word_1_198' title='bbox 403 2333 519 2401; x_wconf 84' lang='lat' dir='ltr'>poterit,</span> <span class='ocrx_word' id='word_1_199' title='bbox 542 2335 588 2390; x_wconf 88' lang='lat' dir='ltr'>vel</span> <span class='ocrx_word' id='word_1_200' title='bbox 603 2350 639 2388; x_wconf 83' lang='lat' dir='ltr'>ex</span> <span class='ocrx_word' id='word_1_201' title='bbox 657 2349 691 2388; x_wconf 92' lang='lat' dir='ltr'>eo</span> <span class='ocrx_word' id='word_1_202' title='bbox 705 2334 780 2404; x_wconf 92' lang='lat' dir='ltr'>quod</span> <span class='ocrx_word' id='word_1_203' title='bbox 794 2333 822 2388; x_wconf 89' lang='lat' dir='ltr'>id</span> <span class='ocrx_word' id='word_1_204' title='bbox 836 2335 944 2389; x_wconf 84' lang='lat' dir='ltr'>luorum</span> <span class='ocrx_word' id='word_1_205' title='bbox 958 2351 1014 2388; x_wconf 88' lang='lat' dir='ltr'>uon</span> <span class='ocrx_word' id='word_1_206' title='bbox 1029 2323 1165 2390; x_wconf 69' lang='lat' dir='ltr'>excedens</span> <span class='ocrx_word' id='word_1_207' title='bbox 1177 2331 1198 2382; x_wconf 79' lang='lat' dir='ltr'>et</span> 
     </span>
     <span class='ocr_line' id='line_1_26' title="bbox 236 2408 1197 2492; baseline -0.001 -21"><span class='ocrx_word' id='word_1_208' title='bbox 236 2418 360 2490; x_wconf 83' lang='lat' dir='ltr'>nimium,</span> <span class='ocrx_word' id='word_1_209' title='bbox 377 2420 427 2474; x_wconf 91' lang='lat' dir='ltr'>sed</span> <span class='ocrx_word' id='word_1_210' title='bbox 441 2421 633 2486; x_wconf 63' lang='lat' dir='ltr'>moderatum</span> <span class='ocrx_word' id='word_1_211' title='bbox 654 2436 712 2475; x_wconf 91' lang='lat' dir='ltr'>non</span> <span class='ocrx_word' id='word_1_212' title='bbox 732 2435 878 2491; x_wconf 82' lang='lat' dir='ltr'>magnum,</span> <span class='ocrx_word' id='word_1_213' title='bbox 893 2419 943 2477; x_wconf 85' lang='lat' dir='ltr'>sed</span> <span class='ocrx_word' id='word_1_214' title='bbox 958 2422 1090 2492; x_wconf 83' lang='lat' dir='ltr'>exiguum</span> <span class='ocrx_word' id='word_1_215' title='bbox 1103 2421 1149 2485; x_wconf 87' lang='lat' dir='ltr'>sit;</span> <span class='ocrx_word' id='word_1_216' title='bbox 1159 2408 1197 2471; x_wconf 81' lang='lat' dir='ltr'>rel</span> 
     </span>
     <span class='ocr_line' id='line_1_27' title="bbox 236 2498 1199 2580; baseline -0.005 -19"><span class='ocrx_word' id='word_1_217' title='bbox 236 2523 271 2562; x_wconf 83' lang='lat' dir='ltr'>ex</span> <span class='ocrx_word' id='word_1_218' title='bbox 285 2508 404 2579; x_wconf 84' lang='lat' dir='ltr'>eoquod</span> <span class='ocrx_word' id='word_1_219' title='bbox 417 2507 441 2562; x_wconf 91' lang='lat' dir='ltr'>is</span> <span class='ocrx_word' id='word_1_220' title='bbox 454 2524 470 2561; x_wconf 91' lang='lat' dir='ltr'>a</span> <span class='ocrx_word' id='word_1_221' title='bbox 484 2524 538 2578; x_wconf 93' lang='lat' dir='ltr'>quo</span> <span class='ocrx_word' id='word_1_222' title='bbox 553 2507 581 2562; x_wconf 93' lang='lat' dir='ltr'>id</span> <span class='ocrx_word' id='word_1_223' title='bbox 591 2509 710 2576; x_wconf 87' lang='lat' dir='ltr'>luorum,</span> <span class='ocrx_word' id='word_1_224' title='bbox 725 2509 813 2562; x_wconf 83' lang='lat' dir='ltr'>solius</span> <span class='ocrx_word' id='word_1_225' title='bbox 828 2525 911 2563; x_wconf 86' lang='lat' dir='ltr'>eausa</span> <span class='ocrx_word' id='word_1_226' title='bbox 925 2510 1024 2578; x_wconf 90' lang='lat' dir='ltr'>mutui,</span> <span class='ocrx_word' id='word_1_227' title='bbox 1040 2498 1199 2580; x_wconf 76' lang='lat' dir='ltr'>deposcitur,</span> 
     </span>
     <span class='ocr_line' id='line_1_28' title="bbox 237 2587 1255 2670; baseline -0.002 -24"><span class='ocrx_word' id='word_1_228' title='bbox 237 2597 293 2647; x_wconf 84' lang='lat' dir='ltr'>non</span> <span class='ocrx_word' id='word_1_229' title='bbox 307 2611 424 2666; x_wconf 86' lang='lat' dir='ltr'>pauper,</span> <span class='ocrx_word' id='word_1_230' title='bbox 438 2595 489 2650; x_wconf 88' lang='lat' dir='ltr'>sed</span> <span class='ocrx_word' id='word_1_231' title='bbox 501 2597 578 2653; x_wconf 86' lang='lat' dir='ltr'>dives</span> <span class='ocrx_word' id='word_1_232' title='bbox 593 2597 709 2662; x_wconf 84' lang='lat' dir='ltr'>existat;</span> <span class='ocrx_word' id='word_1_233' title='bbox 725 2587 778 2650; x_wconf 82' lang='lat' dir='ltr'>nee</span> <span class='ocrx_word' id='word_1_234' title='bbox 792 2596 884 2650; x_wconf 85' lang='lat' dir='ltr'>datam</span> <span class='ocrx_word' id='word_1_235' title='bbox 898 2595 951 2650; x_wconf 89' lang='lat' dir='ltr'>sibl</span> <span class='ocrx_word' id='word_1_236' title='bbox 966 2601 1064 2663; x_wconf 88' lang='lat' dir='ltr'>mutuo</span> <span class='ocrx_word' id='word_1_237' title='bbox 1080 2605 1200 2670; x_wconf 82' lang='lat' dir='ltr'>summam</span> <span class='ocrx_word' id='word_1_238' title='bbox 1254 2619 1255 2622; x_wconf 25' lang='grc' dir='ltr'>ι</span> 
     </span>
     <span class='ocr_line' id='line_1_29' title="bbox 236 2671 1201 2752; baseline 0.005 -19"><span class='ocrx_word' id='word_1_239' title='bbox 236 2681 382 2737; x_wconf 77' lang='lat' dir='ltr'>relicturus</span> <span class='ocrx_word' id='word_1_240' title='bbox 420 2683 556 2750; x_wconf 87' lang='lat' dir='ltr'>otiosam,</span> <span class='ocrx_word' id='word_1_241' title='bbox 572 2683 622 2739; x_wconf 89' lang='lat' dir='ltr'>sed</span> <span class='ocrx_word' id='word_1_242' title='bbox 636 2683 672 2737; x_wconf 92' lang='lat' dir='ltr'>ad</span> <span class='ocrx_word' id='word_1_243' title='bbox 701 2683 824 2738; x_wconf 80' lang='lat' dir='ltr'>fortunas</span> <span class='ocrx_word' id='word_1_244' title='bbox 844 2697 908 2738; x_wconf 91' lang='lat' dir='ltr'>suas</span> <span class='ocrx_word' id='word_1_245' title='bbox 930 2679 1145 2752; x_wconf 67' lang='lat' dir='ltr'>amplificandas</span> <span class='ocrx_word' id='word_1_246' title='bbox 1167 2671 1201 2732; x_wconf 74' lang='lat' dir='ltr'>vel</span> 
     </span>
     <span class='ocr_line' id='line_1_30' title="bbox 238 2759 1201 2840; baseline 0.001 -21"><span class='ocrx_word' id='word_1_247' title='bbox 238 2767 319 2821; x_wconf 84' lang='lat' dir='ltr'>novis</span> <span class='ocrx_word' id='word_1_248' title='bbox 333 2759 485 2823; x_wconf 71' lang='lat' dir='ltr'>coemendis</span> <span class='ocrx_word' id='word_1_249' title='bbox 499 2770 623 2840; x_wconf 79' lang='lat' dir='ltr'>praediis,</span> <span class='ocrx_word' id='word_1_250' title='bbox 635 2769 855 2840; x_wconf 79' lang='lat' dir='ltr'>velquae&#39;stuosis</span> <span class='ocrx_word' id='word_1_251' title='bbox 869 2766 1005 2838; x_wconf 80' lang='lat' dir='ltr'>agitandis</span> <span class='ocrx_word' id='word_1_252' title='bbox 1020 2771 1146 2840; x_wconf 78' lang='lat' dir='ltr'>negotiis,</span> <span class='ocrx_word' id='word_1_253' title='bbox 1159 2765 1201 2820; x_wconf 88' lang='lat' dir='ltr'>uii-</span> 
     </span>
     <span class='ocr_line' id='line_1_31' title="bbox 239 2849 1201 2926; baseline 0.008 -22"><span class='ocrx_word' id='word_1_254' title='bbox 239 2853 344 2909; x_wconf 81' lang='lat' dir='ltr'>lissime</span> <span class='ocrx_word' id='word_1_255' title='bbox 367 2857 403 2910; x_wconf 91' lang='lat' dir='ltr'>sit</span> <span class='ocrx_word' id='word_1_256' title='bbox 418 2857 610 2926; x_wconf 88' lang='lat' dir='ltr'>impensurus.</span> <span class='ocrx_word' id='word_1_257' title='bbox 639 2857 741 2913; x_wconf 84' lang='lat' dir='ltr'>Contra</span> <span class='ocrx_word' id='word_1_258' title='bbox 761 2856 849 2910; x_wconf 84' lang='lat' dir='ltr'>&#39;mutui</span> <span class='ocrx_word' id='word_1_259' title='bbox 872 2849 1009 2926; x_wconf 83' lang='lat' dir='ltr'>siquidem</span> <span class='ocrx_word' id='word_1_260' title='bbox 1030 2857 1132 2926; x_wconf 85' lang='lat' dir='ltr'>legem,</span> <span class='ocrx_word' id='word_1_261' title='bbox 1153 2865 1201 2922; x_wconf 62' lang='grc' dir='ltr'>(ιιι)</span> 
     </span>
     <span class='ocr_line' id='line_1_32' title="bbox 239 2935 1201 3013; baseline -0.004 -21"><span class='ocrx_word' id='word_1_262' title='bbox 239 2941 399 2998; x_wconf 83' lang='lat' dir='ltr'>necessario</span> <span class='ocrx_word' id='word_1_263' title='bbox 413 2941 442 2994; x_wconf 93' lang='lat' dir='ltr'>in</span> <span class='ocrx_word' id='word_1_264' title='bbox 457 2942 514 2996; x_wconf 84' lang='lat' dir='ltr'>dati</span> <span class='ocrx_word' id='word_1_265' title='bbox 525 2945 607 3013; x_wconf 88' lang='lat' dir='ltr'>atque</span> <span class='ocrx_word' id='word_1_266' title='bbox 621 2941 723 2998; x_wconf 85' lang='lat' dir='ltr'>redditi</span> <span class='ocrx_word' id='word_1_267' title='bbox 738 2942 897 3012; x_wconf 83' lang='lat' dir='ltr'>aequalitate</span> <span class='ocrx_word' id='word_1_268' title='bbox 911 2946 1037 2998; x_wconf 88' lang='lat' dir='ltr'>versatur</span> <span class='ocrx_word' id='word_1_269' title='bbox 1049 2983 1056 3010; x_wconf 94' lang='lat'>,</span> <span class='ocrx_word' id='word_1_270' title='bbox 1074 2958 1153 3013; x_wconf 83' lang='lat' dir='ltr'>agere</span> <span class='ocrx_word' id='word_1_271' title='bbox 1166 2935 1201 2992; x_wconf 80' lang='lat' dir='ltr'>ille</span> 
     </span>
     <span class='ocr_line' id='line_1_33' title="bbox 240 3019 1202 3100; baseline -0.001 -22"><span class='ocrx_word' id='word_1_272' title='bbox 240 3026 414 3081; x_wconf 83' lang='lat' dir='ltr'>convincitur</span> <span class='ocrx_word' id='word_1_273' title='bbox 424 3019 560 3098; x_wconf 78' lang='lat' dir='ltr'>quisquiS,</span> <span class='ocrx_word' id='word_1_274' title='bbox 576 3029 673 3084; x_wconf 84' lang='lat' dir='ltr'>eadem</span> <span class='ocrx_word' id='word_1_275' title='bbox 688 3028 845 3098; x_wconf 71' lang='lat' dir='ltr'>equalitate</span> <span class='ocrx_word' id='word_1_276' title='bbox 861 3029 948 3083; x_wconf 84' lang='lat' dir='ltr'>semel</span> <span class='ocrx_word' id='word_1_277' title='bbox 971 3031 1075 3100; x_wconf 91' lang='lat' dir='ltr'>posita,</span> <span class='ocrx_word' id='word_1_278' title='bbox 1093 3030 1153 3099; x_wconf 90' lang='lat' dir='ltr'>plus</span> <span class='ocrx_word' id='word_1_279' title='bbox 1164 3019 1202 3077; x_wconf 86' lang='lat' dir='ltr'>ali·</span> 
     </span>
     <span class='ocr_line' id='line_1_34' title="bbox 241 3107 1202 3185; baseline 0 -21"><span class='ocrx_word' id='word_1_280' title='bbox 241 3111 338 3180; x_wconf 88' lang='lat' dir='ltr'>quida</span> <span class='ocrx_word' id='word_1_281' title='bbox 362 3113 485 3180; x_wconf 89' lang='lat' dir='ltr'>quolibet</span> <span class='ocrx_word' id='word_1_282' title='bbox 498 3113 528 3169; x_wconf 89' lang='lat' dir='ltr'>vi</span> <span class='ocrx_word' id='word_1_283' title='bbox 549 3113 640 3167; x_wconf 88' lang='lat' dir='ltr'>mutui</span> <span class='ocrx_word' id='word_1_284' title='bbox 662 3113 759 3183; x_wconf 87' lang='lat' dir='ltr'>ipsius,</span> <span class='ocrx_word' id='word_1_285' title='bbox 784 3114 829 3168; x_wconf 87' lang='lat' dir='ltr'>oui</span> <span class='ocrx_word' id='word_1_286' title='bbox 845 3129 895 3183; x_wconf 90' lang='lat' dir='ltr'>per</span> <span class='ocrx_word' id='word_1_287' title='bbox 908 3116 1014 3182; x_wconf 85' lang='lat' dir='ltr'>aequale</span> <span class='ocrx_word' id='word_1_288' title='bbox 1025 3115 1084 3185; x_wconf 87' lang='lat' dir='ltr'>jam</span> <span class='ocrx_word' id='word_1_289' title='bbox 1097 3111 1158 3170; x_wconf 88' lang='lat' dir='ltr'>satis</span> <span class='ocrx_word' id='word_1_290' title='bbox 1171 3107 1202 3160; x_wconf 78' lang='lat' dir='ltr'>esi</span> 
     </span>
     <span class='ocr_line' id='line_1_35' title="bbox 214 3193 1202 3270; baseline 0.002 -18"><span class='ocrx_word' id='word_1_291' title='bbox 214 3199 215 3207; x_wconf 78' lang='grc'>’</span> <span class='ocrx_word' id='word_1_292' title='bbox 241 3195 486 3268; x_wconf 70' lang='lat' dir='ltr'>laetumexigere</span> <span class='ocrx_word' id='word_1_293' title='bbox 499 3199 660 3256; x_wconf 75' lang='lat' dir='ltr'>adhue‘non</span> <span class='ocrx_word' id='word_1_294' title='bbox 684 3201 811 3256; x_wconf 83' lang='lat' dir='ltr'>veretur:</span> <span class='ocrx_word' id='word_1_295' title='bbox 830 3201 1018 3270; x_wconf 86' lang='lat' dir='ltr'>proindeque,</span> <span class='ocrx_word' id='word_1_296' title='bbox 1034 3197 1056 3256; x_wconf 87' lang='lat' dir='ltr'>si</span> <span class='ocrx_word' id='word_1_297' title='bbox 1071 3193 1202 3268; x_wconf 79' lang='lat' dir='ltr'>aeceperib</span> 
     </span>
     <span class='ocr_line' id='line_1_36' title="bbox 242 3276 1203 3360; baseline 0.006 -22"><span class='ocrx_word' id='word_1_298' title='bbox 242 3285 418 3340; x_wconf 85' lang='lat' dir='ltr'>restituendo</span> <span class='ocrx_word' id='word_1_299' title='bbox 433 3287 486 3342; x_wconf 86' lang='lat' dir='ltr'>erit</span> <span class='ocrx_word' id='word_1_300' title='bbox 508 3285 647 3341; x_wconf 87' lang='lat' dir='ltr'>obnoxius</span> <span class='ocrx_word' id='word_1_301' title='bbox 670 3301 706 3342; x_wconf 87' lang='lat' dir='ltr'>ex</span> <span class='ocrx_word' id='word_1_302' title='bbox 734 3289 792 3358; x_wconf 90' lang='lat' dir='ltr'>ejus</span> <span class='ocrx_word' id='word_1_303' title='bbox 813 3276 982 3357; x_wconf 79' lang='lat' dir='ltr'>obligatione</span> <span class='ocrx_word' id='word_1_304' title='bbox 999 3285 1112 3360; x_wconf 76' lang='lat' dir='ltr'>justitia</span> <span class='ocrx_word' id='word_1_305' title='bbox 1135 3283 1203 3354; x_wconf 66' lang='lat' dir='ltr'>quam</span> 
     </span>
     <span class='ocr_line' id='line_1_37' title="bbox 242 3367 1255 3444; baseline -0.001 -28"><span class='ocrx_word' id='word_1_306' title='bbox 242 3371 471 3424; x_wconf 74' lang='lat' dir='ltr'>ranemutotioam</span> <span class='ocrx_word' id='word_1_307' title='bbox 489 3373 639 3440; x_wconf 81' lang='lat' dir='ltr'>appellant,</span> <span class='ocrx_word' id='word_1_308' title='bbox 656 3377 684 3427; x_wconf 90' lang='lat' dir='ltr'>et</span> <span class='ocrx_word' id='word_1_309' title='bbox 696 3376 774 3444; x_wconf 88' lang='lat' dir='ltr'>eujus</span> <span class='ocrx_word' id='word_1_310' title='bbox 790 3375 853 3428; x_wconf 71' lang='lat' dir='ltr'>est&#39;⁸</span> <span class='ocrx_word' id='word_1_311' title='bbox 846 3391 875 3429; x_wconf 88' lang='lat' dir='ltr'>m</span> <span class='ocrx_word' id='word_1_312' title='bbox 889 3372 1027 3428; x_wconf 83' lang='lat' dir='ltr'>humanis</span> <span class='ocrx_word' id='word_1_313' title='bbox 1036 3367 1204 3441; x_wconf 77' lang='lat' dir='ltr'>eoniraetibus</span> <span class='ocrx_word' id='word_1_314' title='bbox 1254 3391 1255 3394; x_wconf 25' lang='grc' dir='ltr'>ι</span> 
     </span>
    </p>
   </div>
   <div class='ocr_carea' id='block_1_3' title="bbox 243 3447 1203 3606">
    <p class='ocr_par' dir='ltr' id='par_1_6' title="bbox 243 3447 1203 3606">
     <span class='ocr_line' id='line_1_38' title="bbox 243 3447 1203 3548; baseline 0.008 -47"><span class='ocrx_word' id='word_1_315' title='bbox 243 3451 426 3512; x_wconf 70' lang='lat' dir='ltr'>aequalitatem</span> <span class='ocrx_word' id='word_1_316' title='bbox 441 3457 573 3524; x_wconf 82' lang='lat' dir='ltr'>cujusque</span> <span class='ocrx_word' id='word_1_317' title='bbox 588 3461 729 3527; x_wconf 85' lang='lat' dir='ltr'>propriam</span> <span class='ocrx_word' id='word_1_318' title='bbox 744 3465 771 3514; x_wconf 87' lang='lat' dir='ltr'>et</span> <span class='ocrx_word' id='word_1_319' title='bbox 786 3447 1014 3548; x_wconf 84' lang='lat' dir='ltr'>sanoteservare,</span> <span class='ocrx_word' id='word_1_320' title='bbox 1026 3466 1052 3516; x_wconf 91' lang='lat' dir='ltr'>et</span> <span class='ocrx_word' id='word_1_321' title='bbox 1063 3457 1203 3540; x_wconf 77' lang='lat' dir='ltr'>nousoruu</span> 
     </span>
     <span class='ocr_line' id='line_1_39' title="bbox 248 3531 564 3606; baseline 0.062 -33"><span class='ocrx_word' id='word_1_322' title='bbox 248 3531 300 3576; x_wconf 85' lang='lat' dir='ltr'>tarn</span> <span class='ocrx_word' id='word_1_323' title='bbox 316 3538 412 3586; x_wconf 81' lang='lat' dir='ltr'>oxaote</span> <span class='ocrx_word' id='word_1_324' title='bbox 427 3553 564 3606; x_wconf 80' lang='lat' dir='ltr'>reparare.</span> 
     </span>
    </p>
   </div>
   <div class='ocr_carea' id='block_1_4' title="bbox 0 0 1333 3974">
    <p class='ocr_par' dir='ltr' id='par_1_7' title="bbox 0 0 1333 3974">
     <span class='ocr_line' id='line_1_40' title="bbox 0 0 1333 3974; baseline 0 0"><span class='ocrx_word' id='word_1_325' title='bbox 0 0 1333 3974; x_wconf 95' lang='lat' dir='ltr'> </span> 
     </span>
    </p>
   </div>
  </div>
 </body>
</html>
