2622 3976
494 196 696 260 *nto-

18 321 19 338 ³
123 335 245 403 inutilis
263 347 346 407 esset
366 334 503 424 pcoinde
518 336 620 401 cessio
634 335 717 422 juris
736 356 773 403 ex
790 349 880 424 parte
895 337 1047 418 ludendi,
1069 355 1104 408 ut

121 445 219 528 sopri
248 425 399 510 diximus.
422 441 585 508 -Potest
603 442 747 508 excusari
777 442 832 528 qui
856 454 1048 538 cooperatur
1064 447 1104 510 nd

120 545 311 633 injustitiam
323 544 535 616 materialem.¹
547 545 656 612 Sinon
669 559 777 633 posset
794 548 950 630 excusari,
969 547 1107 616 maxime

121 652 202 737 quia
232 649 428 748 recuperatiox
443 649 706 730 instrumentalis,
725 653 835 740 utpote
859 650 899 716 nd
920 649 1106 740 injustitiam

122 755 270 822 ordinato
296 775 354 842 per
380 775 510 824 cautam
538 754 761 842 principalem,
792 755 923 822 essctin
951 776 987 826 se
1006 754 1105 834 mala,

122 859 377 947 proindecessio
390 857 474 946 juris
490 861 675 946 cooperanti
703 858 839 926 inutilis.
864 859 956 948 Atqui
975 859 1037 928 hoc
1053 858 1109 926 ial-

122 985 199 1032 sum
216 975 283 1043 est3
297 965 459 1051 siquidem
472 971 563 1033 ectus
582 961 767 1032 indifferens
796 965 901 1032 evadit
929 965 1035 1037 molus
1049 977 1110 1054 per·

123 1068 403 1136 coordinationem
428 1070 552 1166 agentis
578 1069 716 1148 tantum,
735 1088 800 1136 non
823 1077 900 1136 vero
917 1071 1107 1158 percoordi·

124 1176 292 1242 nationem
309 1173 441 1239 alterius
452 1175 497 1244 od
510 1172 632 1246 malum
648 1173 760 1240 finem.

79 1289 82 1296 '
169 1289 218 1356 Ad
235 1287 291 1353 Ψ
307 1295 422 1374 quaest.
435 1297 532 1375 pam,
547 1286 683 1356 scilicet:
694 1283 911 1370 Quantidnom
925 1307 1026 1354 ccccm
1042 1289 1109 1358 t'os-

125 1393 333 1460 trumeotolis
345 1397 512 1458 excusetur
526 1391 744 1478 cb³iojuctitid
765 1393 975 1459 malerioii'i·
1082 1483 1086 1490 .

175 1509 213 1576 R.
232 1506 335 1574 Conse
360 1507 611 1576 instrumentalis
627 1510 850 1598 excusaturob
872 1508 1028 1602 injustitia
1045 1527 1110 1580 mn·
1182 1509 1197 1566 ἶ

120 1612 244 1693 terimi,
258 1613 431 1680 comnotus
444 1613 484 1678 de
497 1633 531 1680 sc
540 1608 726 1682 indifferens
738 1621 798 1695 est,
812 1613 986 1702 simulque,
999 1614 1111 1702 positis

123 1717 388 1798 circumstantiis,
404 1717 571 1792 laedcndus
586 1719 652 1807 juri
668 1735 732 1786 suo
745 1720 929 1787 renuntiare
946 1727 1085 1788 tenetur.

171 1833 354 1900 Laedendus
372 1841 480 1900 nutem
504 1840 632 1900 tenetur
655 1833 779 1902 ccderc'
794 1834 849 1922 jus
874 1837 991 1903 suomi
1015 1835 1052 1902 1⁰
1076 1835 1110 1904 Sl
1158 1897 1161 1902 .

123 1935 283 2004 damnum
311 1935 481 2002 imminens
498 1937 698 2024 cooperatori
714 1937 754 2004 sit
765 1937 888 2005 ordinis
905 1937 1081 2027 superioris
1098 1961 1107 2015 ;

124 2063 156 2110 v.
177 2060 218 2126 gr
233 2039 259 2107 si
276 2041 466 2109 abstinendo
482 2043 499 2106 d
517 2048 677 2110 concursu
694 2043 736 2108 ad
748 2041 871 2112 lurtum
890 2051 947 2110 out
961 2039 1109 2110 damniti-

125 2145 287 2215 cationem
300 2145 332 2212 in
356 2142 449 2214 bonis
465 2145 602 2212 fortune
617 2155 806 2237 cooperetur
818 2137 960 2216 incurret
987 2148 1113 2236 pericu-

125 2252 278 2319 lumuitse
295 2259 350 2317 ant
365 2249 471 2318 iamae.
487 2289 534 2302 -
545 2249 583 2317 2⁰
595 2251 629 2320 Si
645 2253 799 2322 damnum
811 2254 982 2320 imminens
999 2266 1112 2340 coope-

128 2357 241 2437 ratori,
259 2355 404 2444 quamvis
415 2357 561 2444 ejusdem
571 2357 706 2441 ordinis,
725 2357 765 2424 sit
786 2357 901 2425 valoris
918 2357 1109 2446 superioris3

134 2463 233 2530 modo
249 2469 438 2549 cooperator
447 2463 547 2550 possit
559 2463 676 2530 elvelit
688 2462 843 2529 damnum
857 2483 1005 2550 reparare
1016 2483 1025 2540 3
1037 2482 1109 2547 mg.

130 2567 170 2650 si,
189 2565 379 2634 abstinendo
390 2569 407 2632 a
417 2575 577 2632 concursu
589 2566 630 2632 ed
643 2567 797 2631 damnum
812 2567 845 2632 in
857 2566 950 2630 bonis
963 2565 1113 2641 fortunae,

132 2668 469 2759 incurrat-periculum
492 2669 603 2734 damni
620 2667 749 2752 majoris
771 2667 810 2734 in
837 2667 955 2734 codem
982 2665 1109 2732 ordine.

133 2777 302 2844 mximum
333 2803 347 2835 ι
373 2771 472 2839 modu
488 2771 588 2861 possit
606 2777 638 2835 et
653 2769 777 2840 velim..
798 2798 813 2829 ι
837 2768 984 2856 Alioquin
996 2765 1115 2838 laeden-

129 2871 199 2951 'dus‘
220 2903 285 2948 non
310 2885 475 2948 teneretur
494 2877 548 2966 jus
564 2896 661 2948 ,suum
677 2875 806 2953 cedere,
828 2874 903 2940 etim
919 2875 1112 2962 possit'legi·

134 2988 211 3054 time
232 3007 304 3054 sese
318 2979 320 2986 ’
332 2983 486 3074 praeferre
514 2982 713 3072 cooperanti.
745 2979 837 3048 unte
856 2981 1023 3068 nunqulm
1039 2973 1113 3047 licet

135 3085 304 3180 cooperari
316 3090 411 3158 morti
431 3088 572 3168 alterius,
594 3089 691 3157 etiam
713 3087 900 3156 imminente
916 3083 1012 3157 simili
1030 3085 1113 3173 peli-

137 3197 223 3277 culn,
243 3197 317 3285 quia
330 3197 485 3264 damnum
494 3217 558 3264 non
571 3202 675 3286 potest
687 3192 916 3281 compensari.¹
