2622 3976
598 197 731 266 -270
758 233 801 244 -

213 343 283 408 iuro
307 339 511 408 eonscientiae
528 338 568 404 ud
587 349 761 404 nutum...:
780 335 929 420 Alioquin
949 334 1000 402 len
1021 335 1099 422 ipsis
1116 349 1206 404 esset

213 447 345 526 inutilis,
361 451 435 512 edm
452 465 516 512 nou
530 454 660 530 possent
670 447 738 508 tute
754 441 950 508 eonseientid
966 441 1020 507 uti
1031 441 1203 528 privilegiu

212 554 318 637 alege
338 571 505 618 concessu.
523 549 603 614 Inde
618 547 764 633 sequitur
774 547 919 625 illumin
928 547 1022 633 eujus
1031 547 1203 614 utilitatem
1302 619 1303 640 ἦ

213 658 342 725 nullitus
351 657 519 724 constituta
531 667 588 733 est,
598 673 703 741 posse,
713 653 739 718 si
749 651 876 720 nuditus
886 652 927 718 sit
935 650 1021 720 alara
1034 665 1199 740 etnpertn,

213 785 363 832 recusare
373 761 612 830 exsecutionem
624 764 819 838 contractus,
835 759 930 826 etiam
948 779 1013 824 nun
1025 759 1125 846 petita
1138 780 1202 826 res·
1302 755 1303 846 3

213 871 362 940 uissione.
375 867 460 950 Quia
472 865 588 934 nusnt
606 866 783 932 solueretur
798 865 886 951 quud
903 871 1010 933 statim
1028 863 1203 932 effieauiter
1302 899 1303 950 1

215 982 323 1063 posset
339 972 452 1060 repeti.
465 973 578 1038 -Per
600 983 702 1038 totum
723 974 879 1058 tempusa
895 970 970 1054 lage
983 987 1176 1038 eoncessum
1190 994 1198 1034 ε
1302 959 1303 1004 3

214 1079 359 1146 Funditus
386 1078 472 1146 enim
494 1077 698 1144 rescindendi
721 1089 921 1155 contractum
942 1076 1052 1161 diega
1073 1077 1196 1155 eritur3
1302 1133 1303 1138 ,

213 1185 350 1274 proinde
378 1185 431 1250 iile
455 1185 507 1250 eui
525 1184 713 1250 conceditur
733 1202 797 1251 nun
825 1194 946 1269 potest,
960 1181 1108 1248 etiam'in
1126 1182 1199 1248 iuro
1302 1239 1303 1242 ,

214 1291 430 1372 eonscientiae,
448 1292 518 1378 ejus
531 1289 688 1356 benefieiu
706 1289 763 1368 uti,
790 1287 852 1354 nisi
879 1289 1039 1374 quatenus
1060 1289 1112 1355 lex
1139 1287 1200 1374 ipsi

215 1399 379 1466 unnesdit.

260 1513 298 1578 2⁰
314 1513 345 1577 Si
363 1523 475 1594 agatur
487 1512 527 1576 de
543 1511 742 1578 nuditatibus
759 1508 1043 1598 disponibiiitatem
1055 1510 1197 1576 masena
1302 1515 1303 1520 ’

223 1616 468 1702 respicientibus
481 1639 488 1678 :

260 1729 446 1794 Contractus
463 1739 510 1794 est
527 1730 636 1796 nulius
652 1729 684 1797 in
698 1731 904 1809 conscientie,
924 1731 1018 1797 etiarn
1031 1742 1108 1796 ante
1125 1747 1195 1795 sen-

216 1835 347 1900 tentiam
378 1833 511 1920 judieis.
543 1835 734 1922 Siquidem,
762 1855 800 1901 ex
831 1836 976 1901 omnium
1008 1851 1192 1911 consensu,

213 1938 277 2005 ittae
295 1939 454 2008 nuditates
474 1940 668 2020 tunduntur,
698 1940 747 2006 vel
774 1939 808 2005 in
835 1941 954 2007 motivo
971 1923 1109 2006 'ordinis
1140 1958 1196 2028 pu-

214 2045 289 2114 utici
302 2055 333 2113 et
345 2041 506 2114 hunorum
524 2067 664 2126 morum,
683 2047 731 2113 vel
741 2048 772 2112 in
785 2047 857 2131 iege
867 2046 1111 2112 determinative
1124 2065 1195 2134 pru·

214 2136 366 2240 prietatis}
386 2156 496 2232 Porro,
515 2155 541 2218 si
552 2149 716 2218 exmotivu
726 2153 848 2218 ordinis
859 2148 978 2240 publiei
990 2164 1021 2217 et
1033 2151 1194 2217 bonorum

214 2272 355 2331 morum,
373 2254 546 2320 invalidum
562 2262 760 2321 contractum
777 2265 850 2320 ante
866 2251 1195 2340 sententiumjudieis‚

216 2359 690 2444 utsnpra-probavimusssitem,
708 2360 1198 2448 sifundanturinlegeproprie·

216 2463 286 2528 tetis
311 2464 569 2546 determinative,
584 2487 642 2532 seu
656 2466 692 2530 in
711 2466 781 2550 lege
794 2487 871 2552 quas
885 2465 1036 2532 iriveiidat
1051 2455 1197 2532 eontrar-

216 2581 284 2636 tum
301 2570 340 2636 ab
365 2571 473 2659 aliquo
496 2572 627 2651 sactum,
648 2593 686 2637 eo
704 2573 821 2638 motivo
845 2573 1016 2659 nimqudd
1034 2572 1198 2660 obtentum

216 2667 396 2770 euntraetds
403 2677 667 2770 jumnttribuitur
680 2678 770 2744 alteri
789 2679 979 2766 personanti
996 2677 1194 2764 legisjustae.

216 2783 395 2850 Nullus=·est
412 2786 509 2872 enim,
530 2773 631 2851 etiam
656 2798 728 2850 unte
752 2786 943 2850 senteutiam
956 2783 1101 2871 judicis,
1127 2803 1198 2850 eon-

216 2887 334 2954 tru'etus
350 2891 382 2954 in
395 2911 460 2975 quu
478 2891 670 2959 contrahens
688 2891 829 2978 disponit
846 2890 887 2954 de
902 2901 1018 2955 resnou
1035 2895 1106 2988 sud.

255 2988 297 3064 ’56
315 3003 348 3069 si
369 2991 482 3088 agatur
498 3003 539 3068 de
552 2987 751 3070 nuditatibus
768 3003 905 3071 formam
922 3004 1010 3072 settis
1024 3006 1197 3092 respicien·

221 3107 327 3174 tibus:
708 3109 799 3125 ’“’
873 3115 874 3120 ’

190 3234 194 3240 “
255 3222 445 3293 Contractus
463 3236 510 3288 est
525 3223 648 3290 validus
671 3225 701 3290 in
717 3225 786 3291 iure
799 3213 1024 3306 eonscientiae,
1044 3227 1069 3292 si
1084 3207 1197 3310 ¹agatur

214 3324 254 3391 de
271 3330 488 3400 eontractibus
510 3331 565 3417 qui
591 3350 654 3396 nnn
680 3343 755 3400 sunt
781 3332 953 3397 solemnes.
974 3333 1007 3396 ln
1030 3324 1091 3398 iliis
1113 3332 1195 3396 enim

215 3430 315 3498 forma
344 3436 701 3528 praessribitur'tantdm
715 3451 750 3504 ut
763 3437 803 3504 de
820 3436 1031 3506 conventione
1053 3444 1175 3504 constet
1185 3484 1193 3534 ,²
