2588 4178
667 353 846 422 ..ra-

264 505 401 574 taediata*
416 501 538 574 tamar·
546 499 604 586 jue
619 500 828 577 carnaterit3
847 497 885 568 2⁰
905 497 944 564 ln
961 497 1134 584 apportet
1156 501 1267 586 affir-

266 614 559 698 mandamentum
574 607 639 676 eittt
659 606 858 690 injuriaris
876 604 1114 690 proprietates,
1134 607 1268 689 qtcacid

265 718 491 797 extensionem,
510 725 539 780 et
550 711 781 784 durationem?

647 1100 671 1165 1.
691 1093 859 1166 stactus.
960 1087 961 1090 ¹

314 1288 363 1352 De
380 1287 465 1371 jura·
478 1287 602 1354 lramini
620 1307 769 1354 concessa
788 1257 827 1352 ia
842 1285 943 1350 uitam
963 1295 992 1350 et
1016 1288 1208 1371 facultates,

314 1481 418 1546 Homo
434 1477 531 1548 habet
544 1479 575 1569 in
587 1479 689 1546 -vitatn
707 1490 738 1544 at
753 1475 920 1548 facultates
932 1476 985 1563 jus
1002 1513 1046 1525 --
1058 1475 1167 1564 quoad
1187 1476 1256 1541 ori·

269 1584 397 1668 ginem,
421 1586 604 1650 immediati
621 1583 984 1669 concessum—quoad
1008 1583 1253 1658 extensionem,
1288 1599 1289 1602 ’

266 1691 320 1775 jus
336 1691 520 1773 usufructus
536 1725 579 1737 --
592 1687 699 1774 quoad
717 1687 932 1767 durationem,
948 1698 1159 1774 perpetuum,
1176 1687 1257 1750 alie·

270 1791 390 1869 nubile,
404 1789 598 1856 revocabile.

316 1891 416 1958 Prole.
432 1911 492 1976 per
504 1902 630 1977 partes.
645 1893 747 1959 flama
758 1891 855 1961 habet
870 1891 903 1957 in
919 1891 1015 1956 vitant
1039 1903 1070 1955 et
1086 1889 1253 1954 facultates

268 1996 389 2082 jus,-
1288 2005 1289 2016 ¹

318 2099 435 2184 Quoad
460 2100 631 2188 originem,
658 2099 839 2166 immediati
861 2111 1069 2161 concessum.
1086 2128 1133 2144 --
1150 2095 1186 2161 l⁰
1205 2097 1289 2163 Ea

274 2208 423 2277 flatione
449 2208 561 2285 Deua,
588 2205 729 2270 hominis
753 2213 891 2279 creator,
910 2199 1008 2265 vitam
1032 2213 1063 2266 et
1088 2171 1289 2268 facultates

274 2309 333 2395 ipsi
360 2308 539 2375 concedere
557 2327 621 2372 nan
646 2317 770 2392 potest,
784 2302 863 2390 quin
885 2301 1013 2370 aitnul
1004 2303 1064 2391 tps'i
1087 2304 1248 2392 praecipiat
1288 2309 1289 2374 l

273 2411 389 2490 linem,
408 2409 616 2501 ppaebaatquo
637 2406 749 2493 jasad
772 2405 880 2472 media
898 2406 1080 2472 necessaria
1102 2407 1142 2472 ad
1166 2407 1245 2473 hunt

274 2511 372 2576 linem
402 2507 627 2574 obtinendum.
651 2509 770 2589 Parra,
795 2521 831 2576 ut
861 2511 957 2595 supra
983 2508 1146 2588 diximus,
1174 2529 1246 2575 usus

273 2613 345 2678 vitae
362 2623 394 2678 et
410 2606 597 2677 facultatum
614 2621 663 2678 est
683 2612 828 2677 medium
845 2611 885 2676 ad
907 2609 1005 2676 finem
1022 2611 1244 2678 necessarium.

274 2757 319 2768 —-
334 2719 371 2784 2⁰
387 2716 634 2804 Eat-Scriptura.
654 2719 730 2807 Sap.
754 2716 808 2797 tu,
829 2717 920 2784 152²«
955 2719 1087 2783 Tuas...
1108 2719 1162 2802 qai
1180 2719 1248 2783 vita

275 2836 304 2892 et
315 2827 431 2892 martis
446 2824 544 2894 ltabes
553 2837 755 2911 patestatem.
774 2825 883 2910 »Erga
902 2825 992 2919 Deus
1008 2824 1068 2910 sibi
1083 2826 1245 2892 reservavit
1288 2817 1289 2908 ,

274 2931 455 3001 dominium
478 2932 637 3022 speciale,
658 2944 690 2999 et
711 2953 775 2998 non
793 2931 948 3016 generale*
964 2933 1086 2997 tantitas
1109 2933 1137 2996 in
1156 2931 1246 2992 vitane
1288 2933 1289 2936 ’

276 3036 438 3112 h'otninis3
465 3053 543 3118 ergo
569 3035 657 3102 salus
673 3033 778 3122 potest
799 3033 852 3118 jus
877 3034 909 3098 in
931 3033 1027 3102 vium
1045 3047 1076 3100 et
1093 3032 1245 3099 facultates

276 3136 474 3202 concedere,
668 3221 670 3224 Ι
1027 3191 1032 3198 .

322 3235 438 3320 Quoad
456 3221 687 3315 extensionem,
705 3235 760 3323 jus
777 3237 981 3322 usufructum:
1008 3277 1051 3288 —
1074 3241 1110 3304 l⁰
1127 3239 1172 3303 lia
1186 3237 1242 3302 llo·

278 3343 376 3410 tione,
393 3343 455 3410 Res
466 3342 509 3408 ita
525 3353 585 3422 est,
602 3338 629 3408 si
641 3341 695 3431 jus
712 3341 841 3408 homini
857 3332 1045 3413 cencessum
1063 3365 1126 3410 nun
1142 3344 1178 3410 sit
1191 3343 1241 3408 da·

279 3449 381 3528 minii,
391 3447 610 3538 necsimpliais
623 3451 713 3516 usus.
724 3447 953 3536 ,taqua—non
965 3463 1013 3516 est
1027 3451 1093 3518 veri
1109 3435 1238 3516 domitii:

279 3552 459 3641 Siquidem,
474 3556 506 3622 in
524 3555 790 3644 haehypcthcsi,
814 3555 913 3622 hanso
928 3556 991 3634 vita
1008 3570 1039 3624 et
1055 3555 1238 3624 facultatibus

281 3657 321 3724 etl
336 3651 510 3722 arbitrium
525 3647 711 3745 disponere,
722 3657 782 3724 sibi
794 3655 886 3724 litant
899 3669 929 3726 e't
939 3655 1103 3728 facultates
1116 3659 1238 3724 adimere
