2588 4178
636 379 813 446 -to-

240 541 330 593 tum:
351 523 490 590 Deberet
507 521 648 612 probari,
666 521 716 590 rel
734 520 866 588 historia
879 519 927 588 tel
949 497 1152 599 auctoritate,
1165 523 1216 588 rel

242 632 375 698 ratione.
390 628 482 716 Atqui
500 651 564 695 non
586 640 691 718 potest
713 626 1068 717 probari-Historia:
1085 626 1214 692 historia
1274 695 1275 728 1

241 738 326 802 enim
350 737 482 802 omnino
503 746 584 800 tacet
603 734 644 799 de
664 743 828 800 contractu
851 731 1089 819 supposito.-·
1061 730 1213 798 -Auoto-
1274 795 1275 804 ,

242 843 354 910 ritate:
373 841 453 907 Nam
474 840 514 907 de
536 861 574 905 eo
587 839 659 906 silet
674 838 852 927 scriptura,
870 835 1011 902 traditio.
1030 835 1054 902 t
1069 835 1213 924 plumbus
1272 901 1275 924 ,ἵ

242 947 374 1032 quidem
388 945 489 1011 doctis
502 944 691 1032 proponitur
705 965 715 1022 3
727 943 784 1010 sed
801 963 866 1008 non
890 941 1100 1019 unanimiter,
1119 950 1151 1008 et
1173 961 1216 1007 so·

243 1053 311 1116 llam
324 1063 476 1137 tanquam
487 1050 620 1138 simplex
631 1050 799 1138 opinio.-
808 1049 876 1116 lion
889 1049 1028 1115 ratione:
1041 1048 1107 1114 illc
1116 1046 1218 1112 solirm
1275 1115 1276 1132 χ

243 1157 294 1220 ria
309 1156 389 1220 ratio
402 1155 538 1242 probare
555 1167 661 1242 posset
679 1155 863 1244 opinionem
873 1153 1071 1246 praediotom,
1082 1153 1217 1229 scilicet,
1275 1149 1276 1228 ζ

245 1260 445 1326 ostendendo
463 1261 690 1347 proprietatem
717 1259 778 1326 alia
794 1260 843 1326 via
864 1258 1014 1348 explicari
1031 1277 1095 1324 non
1113 1277 1218 1345 posse.

167 1367 170 1372 ’
245 1367 343 1431 Ροιιο
359 1365 429 1431 haec
446 1365 615 1432 affirmatio
632 1365 709 1432 salsa
721 1378 768 1434 est
780 1387 788 1444 ;
802 1385 876 1431 nam
888 1363 1093 1450 origodivinu
1107 1365 1221 1431 imme·
1275 1359 1276 1368 ’

245 1452 329 1538 diota
364 1455 588 1556 multomagis
613 1471 733 1538 arridet
760 1471 934 1539 intellectui
966 1469 1171 1624 simplicitate
1194 1485 1221 1536 et

246 1576 416 1643 soliditate.

292 1681 439 1748 Secunda
463 1681 629 1768 explicatio
653 1689 711 1769 per
736 1681 859 1767 legem:
878 1669 1012 1751 Verum
1021 1693 1068 1748 est
1091 1617 1219 1768 quidem

248 1785 475 1872 proprietatem
500 1783 606 1868 alege
628 1787 773 1876 accipere
797 1787 1001 1854 stabilitatem
1019 1799 1050 1852 et
1065 1787 1218 1852 securita-

249 1904 331 1966 tcm3
350 1889 406 1956 sed
423 1909 487 1962 non
505 1890 580 1956 inde
592 1891 738 1976 sequitur
753 1893 980 1981 proprietatem
998 1895 1014 1957 t
1031 1891 1105 1975 lega
1119 1891 1217 1965 oriri;

249 1995 335 2062 aliud
348 2007 395 2062 est
407 1995 492 2064 enirn
507 1997 732 2085 proprietatem
751 2016 873 2077 creare,
893 1997 981 2064 aliud
996 1998 1219 2086 proprietatem

249 2101 462 2170 consolidare.

292 2207 496 2292 Argumentis
517 2209 622 2294 magni
645 2209 798 2296 ponderis
820 2219 1022 2298 oppugnatur
1039 2209 1150 2298 opinio
1175 2230 1222 2274 no-

249 2334 340 2398 gons.
1276 2395 1277 2404 ἵ

295 2419 399 2484 Prima
418 2418 583 2507 explicatio
600 2439 658 2506 pcc
681 2430 899 2502 contractum:
915 2419 1006 2497 Nam,
1028 2418 1061 2484 in
1079 2417 1142 2482 lroo
1159 2439 1222 2505 sys-
1276 2425 1277 2432 ’

250 2535 385 2600 temate,
414 2543 526 2588 omnes
554 2524 698 2590 omnium
719 2524 963 2608 generationum
990 2523 1138 2588 homines
1162 2524 1221 2611 pri·

250 2626 353 2690 mario
370 2626 557 2692 habuissent
580 2631 598 2692 a
614 2627 684 2693 Deo
705 2629 758 2714 jus
783 2630 889 2695 omnia
906 2629 1107 2716 occupandi,
1129 2628 1222 2712 relaus

250 2731 412 2818 occupatis
428 2731 552 2798 utendi
556 2733 666 2797 Porro
675 2733 770 2838 prima
762 2733 1007 2802 'contrahentes
1023 2733 1064 2799 ad
1076 2732 1222 2800 obtinen-

250 2838 324 2903 dam
337 2835 565 2954 proprietatem
582 2831 763 2916 cessissent,
782 2858 847 2904 non
865 2833 1031 2928 solirmjus
1047 2856 1154 2915 suum,
1160 2836 1223 2920 sed

249 2943 343 3008 etiam
356 2939 411 3028 jus
422 2943 667 3026 generationum
680 2943 969 3030 subsequentium
984 2942 1125 3011 instituta
1135 2961 1225 3006 nem-

248 3050 288 3132 pe
304 3048 497 3133 proprietate
514 3061 616 3114 cessat
626 3043 759 3115 facultas
777 3050 887 3119 omnia
901 3049 1094 3138 occupandi,
1116 3047 1223 3159 omrai·

139 3149 140 3156 '
250 3151 310 3215 bus
326 3150 467 3215 fruendi.

293 3243 440 3322 Secunda
455 3254 626 3342 explicatio
653 3257 835 3345 perlegam
856 3261 1009 3349 supponit
1027 3280 1098 3328 rem
1127 3258 1226 3345 expli·

248 3362 397 3430 condam.
415 3361 515 3441 Nam,
539 3362 565 3428 si
596 3365 773 3454 proprietas
799 3385 865 3431 non
887 3365 1022 3445 existat,
1054 3362 1228 3450 securitate

250 3489 314 3532 non
335 3471 468 3556 indiget.
495 3469 528 3536 Si
545 3471 658 3538 existat
673 3469 743 3550 lex,
763 3490 840 3556 ergo
860 3471 1017 3548 societas,
1039 3487 1117 3554 ergo
1133 3467 1228 3536 'terri-

249 3573 465 3658 torium‚ergo
474 3561 651 3662 proprietas
663 3574 1016 3662 sociatiaategaquoad
1025 3571 1228 3642 existentiam

250 3685 324 3738 sunt
339 3676 599 3762 independentia.
619 3681 651 3746 Si
669 3695 776 3748 autem
790 3683 968 3770 proprietas
985 3679 1112 3747 socialis
1128 3683 1145 3744 a
1159 3679 1230 3762 lege
