2712 4164
527 173 569 184 --
596 139 658 202 too
681 176 724 184 -

510 439 637 507 CAPUT
662 441 716 507 111.

199 633 246 695 Dc
253 630 331 714 jure
347 607 647 694 Administrationis
666 629 808 692 rimator
829 629 1030 712 damnans.

167 820 244 886 dura
268 814 558 882 Administrationis
575 815 671 880 simul
692 828 723 880 ct
742 815 931 883 Usuirtrotris
949 837 1099 890 oonccssa
1195 865 1198 868 -

124 934 216 986 sunt:
231 919 267 984 1ο
277 919 467 996 Parentibus
479 917 605 988 inbono
619 920 760 986 tiliorum
772 944 780 999 ;
792 921 829 986 2⁰
845 921 955 999 Marito
969 921 1000 986 in
1015 921 1097 995 hona

125 1025 360 1092 communitatis
377 1025 552 1111 conjugatis
565 1037 596 1090 et
609 1027 726 1092 uxoris.
812 1085 814 1092 .

167 1167 347 1233 Panoruui.
363 1166 445 1230 Dc
424 1187 502 1249 jure
518 1167 736 1286 Parautumt'tt
755 1166 838 1290 borao
852 1165 1007 1288 fitiorum

165 1309 192 1375 I.
211 1309 395 1393 Explicatio
409 1308 514 1394 Lenis.

162 1415 241 1480 dure
256 1413 414 1480 rtoturntr‘
433 1411 519 1477 Filii·
522 1399 657 1476 familias
670 1413 978 1479 bonorumsuorum
998 1365 1100 1482 admi

122 1521 341 1587 nistrationom
359 1530 390 1584 et
410 1517 612 1584 usufructum
630 1516 763 1602 habent.
1088 1517 1091 1530 ’

164 1626 227 1692 Lex
243 1638 352 1692 autem
368 1623 472 1693 cicilia
488 1624 673 1712 parentibus
690 1624 847 1690 concessit
864 1623 894 1689 in
914 1626 997 1693 bona
1017 1628 1099 1693 utto-

123 1754 190 1798 rum
220 1732 461 1816 legitimorum:
488 1731 523 1794 1ο
536 1727 591 1816 jus
608 1731 912 1809 administrationis,
932 1733 1030 1819 cujus
1047 1756 1099 1799 cx-

123 1839 223 1904 tensio
236 1849 269 1903 ct
284 1836 410 1904 duratio
423 1835 812 1920 determinanturlcgibus
828 1841 924 1924 supra
939 1839 1096 1920 indicatis,

123 1943 174 2009 ubi
193 1945 236 2008 dc
251 1943 331 2026 jure
341 1941 634 2026 administrationis
652 1953 793 2008 tutorum
808 1963 816 2018 ;
834 1979 878 1990 --
895 1941 932 2006 2⁰
946 1942 1007 2034 'jus
1023 1945 1099 2010 nsu-

123 2047 263 2126 fructus,
290 2047 444 2134 quodest
466 2048 635 2134 —quoad
664 2048 896 2125 extensionem,
931 2049 964 2113 in
992 2053 1099 2116 omnia

123 2152 262 2220 filiorum
280 2151 377 2230 bona,
392 2152 587 2239 quibusdam
605 2151 756 2239 exceptis,
776 2164 806 2217 ct
817 2153 979 2237 aliquibus
992 2157 1099 2221 onori-

122 2256 179 2322 bus
197 2253 500 2344 annonis—quoad
518 2258 733 2337 durationem,
750 2261 1001 2346 temporarium,
1022 2262 1097 2327 alic-

122 2359 228 2429 nabilc
245 2362 479 2428 etrovooabilc.
499 2439 502 2444 ,
521 2431 526 2434 ,

164 2469 227 2534 Lex
237 2467 337 2534 civilis
347 2469 504 2534 concussit
514 2469 719 2563 parentibus:
733 2471 763 2535 id
777 2481 835 2550 cst,
849 2473 948 2560 patri,
963 2474 1100 2540 duranto

41 2571 43 2576 ’
123 2573 353 2652 matrimoni03
380 2587 423 2653 ct,
449 2595 487 2640 eo
520 2575 1028 2662 dissoluto,conjugisuperstiti
1047 2579 1099 2642 At

124 2692 227 2745 tamen
259 2692 368 2766 pater,
386 2700 450 2746 non
477 2685 553 2742 tero
574 2691 690 2756 mater,
708 2677 911 2742 usufructum
929 2691 1053 2754 serrat
1073 2681 1098 2744 si

124 2797 295 2852 transeant
299 2785 340 2850 ad
366 2782 523 2850 secundas
541 2778 687 2866 nuptias,
701 2780 781 2844 ost.
801 2784 890 2848 -io
909 2783 992 2846 bona
1017 2775 1099 2848 filio-

124 2909 192 2956 rum
209 2890 443 2974 legitimorum:
473 2909 537 2954 non
553 2894 629 2954 vcro
645 2886 676 2951 in
705 2887 789 2952 bona
811 2886 951 2953 tiliorum
965 2887 1098 2974 ittegiti

124 3015 272 3074 morum,
292 3015 348 3061 seu
365 3005 462 3075 ¹entra
490 2993 743 3074 matrimonium,
764 3006 820 3060 aut
839 3015 877 3060 cx
895 2993 1098 3059 matrimonio

121 3100 204 3184 juxta
222 3099 327 3186 legem
353 3101 478 3172 civilem
503 3100 654 3168 invalido.
674 3084 740 3168 dioc
767 3086 918 3190 supnonit
935 3113 994 3166 art.
1010 3083 1096 3177 'tom

125 3206 197 3272 dicit
214 3208 318 3272 enim:
341 3217 475 3290 «pater,
487 3208 626 3271 durante
637 3207 857 3285 matrimonio,
869 3207 1097 3283 veldisaotttto,

125 3322 295 3394 superstas.
315 3339 328 3370 a
346 3314 458 3378 -Jus
479 3311 664 3378 usufructus
683 3335 690 3375 :
713 3312 806 3378 Juxta
825 3312 1000 3393 sensumin
1017 3333 1099 3399 prae·

125 3417 178 3482 riis
196 3417 381 3485 notionibus
398 3417 590 3506 expositum.
611 3411 861 3502 -Quibusdam
879 3417 972 3498 bonis
985 3440 1099 3506 excop-

970 3530 1010 3591 to
