2606 3974
495 171 695 235 -455-

106 298 305 377 probabilitatis
312 307 420 360 lucrum
434 306 497 375 lege
511 306 814 368 cirilideterminatum
824 307 853 365 iu
863 312 960 367 mutuo
972 309 1085 379 exigere

106 389 257 458 permittit·;
273 387 384 444 demum
399 391 555 460 cogendum
569 406 626 446 non
640 405 704 446 asse
717 389 753 446 ad
767 391 907 460 propriam
922 391 1084 460 opinionem
1160 457 1172 472 η

105 474 288 530 deserendam
296 476 478 544 poenitentem
487 477 534 547 qui
541 480 696 546 postquam
706 477 910 534 exauctoritate
917 479 962 533 rel
974 478 1082 532 ratione

104 557 302 613 conscientiam
325 560 468 615 moraliter
488 563 594 616 certam
615 559 670 614 sihi
686 561 884 627 enuntiaverit,
904 561 1078 616 moderatum

104 643 211 696 lucrrrm
224 658 241 696 a
253 644 418 698 mutuatario
440 643 559 713 percipit
580 641 608 697 ri
630 644 710 712 legis,
725 660 758 698 ac
772 644 890 713 proinde
917 645 956 702 illi
969 645 1078 700 absolu·
1132 682 1139 700 .

104 729 210 784 tionem
224 744 281 783 non
295 743 356 784 esse
370 731 535 799 negandum.
560 731 667 786 Verum
681 745 744 786 euru
763 731 823 800 ipse
836 732 1080 800 probahilistarum

104 812 213 885 placitis
227 813 382 871 nullatenus
395 814 570 883 requiescere
583 815 682 883 possit,
697 815 806 884 quoties
826 815 1020 884 interrogatur,
1036 817 1082 870 in-

104 904 281 956 cunctancter
294 901 447 970 respondet
460 901 520 956 aliis
535 902 647 971 quidem
661 901 742 956 aliter
755 902 854 970 videri,
870 919 901 957 se
915 908 1007 959 antem
1017 919 1082 958 om÷

103 985 171 1038 uino
185 984 311 1040 illicitum
326 988 354 1038 el
368 985 500 1054 injustum
514 989 643 1052 reputare
654 984 729 1054 quod
742 985 770 1040 in
785 991 880 1041 mutuo
895 987 966 1042 ultra
979 991 1083 1044 sortem

102 1071 130 1125 vi
141 1071 213 1140 legis
226 1069 317 1125 civilis
330 1071 499 1140 percipitur:
514 1071 625 1129 aliunde
634 1072 657 1125 si
671 1087 732 1126 rem
741 1072 913 1130 haheatcum
930 1075 1081 1143 poeuitente

104 1158 193 1227 quiin
207 1158 281 1212 bona
295 1157 350 1212 ssde
370 1157 489 1228 supponi
513 1158 622 1228 nequit,
647 1162 693 1213 aut
707 1175 770 1212 cum
784 1159 898 1214 homine
912 1161 949 1216 ita
963 1161 1082 1231 simplici

105 1249 133 1300 et
145 1231 259 1300 indocto
274 1248 304 1298 ut
316 1261 407 1314 neque
422 1261 458 1299 en
472 1245 647 1311 auctoritate,
662 1260 754 1314 neque
768 1261 805 1300 ex
819 1246 927 1308 ratione
941 1247 1083 1302 conscien-
1165 1260 1168 1264 ·

104 1332 170 1386 tiam
183 1331 327 1387 moraliter
340 1334 444 1386 certem
467 1331 520 1387 sibi
534 1332 679 1390 efformare
694 1332 791 1402 possit,
815 1335 891 1388 vetat
912 1333 1027 1388 omnino
1047 1350 1083 1388 ne

101 1418 244 1488 quoddam
256 1418 364 1472 lucrum
378 1433 395 1472 a
407 1417 580 1472 mutuatariis
602 1417 705 1486 exigat,
723 1419 751 1470 et
775 1416 798 1470 si
813 1417 873 1485 jam
894 1417 1080 1487 percepisset,

102 1506 140 1560 illi
157 1489 341 1561 restitutionis
355 1520 425 1558 onus
438 1503 558 1574 imponit
571 1503 624 1558 uisi
642 1503 695 1558 alia
709 1502 745 1556 sit
760 1503 947 1558 excusationis
961 1504 1044 1558 ratio.

138 1591 301 1646 Humillime
315 1593 343 1645 et
357 1591 492 1650 instanter
510 1590 630 1658 postulat
644 1593 737 1648 orator
752 1589 822 1643 inira
845 1590 974 1660 scriptus,
991 1594 1082 1648 utrum

101 1678 227 1747 predicti
240 1677 391 1733 sacerdotis
406 1675 506 1746 agendi
520 1676 591 1730 ratio
607 1677 642 1730 sit
656 1675 858 1746 improbanda?

136 1765 260 1834 Resp-
274 1763 303 1817 S.
318 1761 542 1828 Poenitcntiaria,
554 1762 692 1831 expositis
710 1766 817 1818 mature
840 1762 994 1833 perpensis,
1015 1779 1083 1826 con,

102 1841 219 1904 tessaria
232 1849 335 1904 oratori
349 1848 516 1918 respondet:
533 1847 616 1914 Quod
636 1849 697 1918 ipse
724 1865 754 1903 sc
774 1853 852 1918 gerat
866 1850 980 1904 omnino
1005 1853 1085 1921 juxta

103 1935 216 1992 decreta
229 1934 296 1988 alias
311 1933 383 1990 edita
397 1935 450 1995 dS.
462 1933 666 1996 Poenitentiaria
681 1939 708 1994 at
718 1952 734 1991 a
744 1937 772 1990 S.
783 1937 977 2016 Inquisitione.
1157 1937 1159 1942 ’
