2588 4178
671 438 847 505 „pq-

312 582 403 653 iuxta
419 579 592 650 secundom
609 579 806 668 opinionem,
826 579 1001 668 proprietas
1018 591 1142 644 nonest
1158 592 1243 646 natu·

268 691 374 758 taliter
390 687 566 756 alienabilis
588 706 645 775 per
661 697 898 750 testamentum.
918 681 1005 749 lianc
1019 683 1238 772 proprietatem

267 797 402 886 acquirit
419 819 448 860 ιιι
440 795 551 880 'legis
565 807 619 860 aut
636 795 817 860 contraetds
834 788 898 878 (l).

310 904 425 968 Primo
444 899 552 987 opinio
568 911 615 966 est
635 895 803 987 posteriori
820 893 1040 1020 probabilior,
1062 901 1101 1014 att
1127 893 1234 982 patebit

267 1029 304 1074 cx
321 1005 559 1093 comparatione
576 1005 748 1070 rationem.

312 1111 363 1176 Sic
381 1121 644 1194 argumentantur
660 1109 806 1175 serrendo
825 1105 985 1196 opinionis
1002 1114 1198 1172 sectatores.

310 1215 526 1282 Alienabilitas
542 1237 598 1303 per
615 1225 841 1281 testamentum
858 1214 989 1280 oritura
1010 1222 1174 1280 eontracta
1191 1224 1238 1278 aut

266 1322 383 1408 dlegc;
398 1323 424 1388 si
445 1322 606 1392 translatio
623 1319 824 1387 haereditaria
840 1317 1044 1406 proprietatis
1055 1337 1120 1384 non
1132 1317 1234 1404 possit,

265 1428 404 1516 seposito
422 1439 584 1494 contractu
602 1441 657 1494 aut
679 1425 776 1510 lege,
796 1425 937 1512 posito
914 1431 989 1490 vero
1006 1434 1173 1490 contractu
1189 1436 1236 1489 aut

264 1532 347 1616 lege,
367 1533 637 1620 possitexpllcari.
688 1533 690 1538 ’
1267 1593 1268 1596 ,

309 1639 402 1722 Atqui
423 1639 458 1702 ιο
475 1634 620 1724 Seposito
636 1647 801 1700 contractu
815 1647 872 1702 ‘aut
886 1635 969 1720 lege,
987 1650 1053 1710 non
1070 1635 1233 1724 explicatur

255 1742 428 1806 'translatio
441 1741 642 1807 haereditaria
660 1761 717 1828 per
735 1749 982 1810 testamentum:
1001 1777 1045 1792 -
1061 1741 1231 1808 Testamen·
1267 1731 1268 1734 ¹

263 1846 436 1911 tamenim
456 1853 504 1914 es't
524 1865 629 1934 usque
654 1846 695 1911 ad
720 1859 858 1912 mortem
886 1844 1229 1934 revocabi103proinde'

263 1959 395 2017 testator
417 1963 524 2018 manet
540 1952 690 2018 dominus
706 1952 753 2018 rei
778 1950 1032 2018 transmittendae
1049 1951 1130 2018 ditm
1144 1950 1225 2024 vitiu

233 2113 236 2118 ,
261 2057 464 2126 hereditaria
481 2059 643 2126 translatio
660 2079 725 2124 non
742 2057 777 2123 fat
805 2077 882 2143 ergo
904 2057 966 2124 nisi
991 2069 1066 2146 post
1087 2071 1226 2125 mortem.
1267 2053 1268 2064 ’

260 2163 1225 2252 impossibilisergonaturnlitertranslatiopertestomcntum
1267 2161 1268 2164 ’

259 2268 285 2332 si
314 2269 413 2336 homo
438 2283 510 2357 post
532 2283 669 2337 mortem
685 2269 740 2336 fiat
763 2265 896 2358 incapax
914 2270 1025 2336 omnis'
1044 2272 1225 2336 contractus.

259 2373 357 2439 Porro
381 2395 433 2442 res
448 2376 501 2441 ita
519 2388 578 2442 est.
606 2373 685 2442 Nam
711 2377 743 2443 l.
761 2387 865 2442 morte
882 2376 1128 2455 interveniente,
1140 2377 1227 2442 'homo

257 2479 372 2544 amittit
384 2499 497 2546 omnes
512 2482 722 2570 proprietates
738 2505 746 2562 ;
765 2481 926 2570 siquidem
942 2495 1071 2548 mortuo
1080 2483 1135 2569 jus
1147 2498 1226 2549 omne

258 2583 290 2648 in
307 2602 358 2648 res
375 2582 569 2651 sublunares
597 2585 633 2651 lit
659 2587 789 2667 inutile,
809 2587 898 2677 atqui
920 2586 1113 2676 nullumjus
1130 2585 1225 2656 inutile

192 2721 193 2724 =
257 2686 391 2754 existere
407 2699 523 2776 potest.
544 2691 577 2755 9..
597 2689 629 2756 ln
645 2693 732 2757 omni
754 2681 1083 2763 contractu'uoluntas
1101 2695 1223 2784 partiam

186 2872 189 2878 .
256 2792 394 2860 exterids
411 2793 595 2863 ethumano
612 2799 853 2886 modoexpri'mr
846 2795 972 2882 debet,
988 2790 1075 2890 quod
1086 2801 1223 2869 delun'eto

254 2900 577 2986 impossibileest.-—
534 2903 1225 2996 -—Ergotransmissioproprietatispertes

171 3101 172 3108 ἵ
254 3018 432 3074 ramentum
450 3021 498 3076 est
514 3010 701 3078 naturaliter
723 3012 976 3100 impossibilis

296 3111 334 3176 2⁰
350 3113 582 3182 interveniente
596 3128 763 3184 contractu
780 3131 834 3184 aut
847 3120 930 3204 lege,
949 3117 1222 3208 explieararrnns·

252 3215 325 3282 latio
342 3209 606 3318 haereditaria.-—
620 3220 789 3290 Contracta
807 3249 814 3288 :
834 3224 1001 3313 Siquidem
1018 3225 1165 3292 homines
1176 3237 1220 3308 po*

252 3333 383 3389 ruerunt
404 3323 449 3389 de¹
463 3322 525 3391 hoe
538 3325 667 3394 interse
683 3323 865 3410 convenire,
882 3317 917 3396 ut
933 3333 987 3420 qui
1009 3332 1221 3420 proprietatem

249 3430 429 3510 possideret
454 3423 562 3519 posset
586 3454 658 3502 eam
682 3437 924 3504 suecessoribus
948 3438 1174 3503 transmittere.
1187 3459 1220 3475 ²
1258 3433 1260 3440 ’

281 3579 314 3655 (ι’)
330 3594 615 3667 ltt,1ntertl1colagos
631 3603 871 3672 wirceburgensem
883 3612 952 3670 pert
974 3606 1032 3666 an
1045 3608 1122 3663 lure,
1136 3591 1219 3652 nto?
1265 3621 1266 3666 3

247 3666 371 3739 Haunold.
380 3672 409 3720 Τ.
425 3675 456 3735 ιι,
464 3683 505 3726 tr.
520 3675 596 3739 Vl‚n.
612 3683 661 3742 ta;
677 3683 744 3734 inter
755 3684 928 3750 iurisperitos,
937 3683 1091 3746 Paadendorl,
1101 3683 1129 3732 D'
1132 3681 1218 3742 agtus

150 3799 151 3802 Ἴ
247 3760 317 3809 seen,
333 3749 505 3816 Delvincourt,
521 3755 640 3820 Toulliar‚
656 3765 682 3808 et
703 3761 754 3810 alii.
