2622 3976
590 143 791 212 416-

187 293 320 369 inlerot3
335 290 388 356 Est
403 287 501 366 enirn,
519 285 602 354 sicut
618 281 788 365 matthas,
807 303 903 352 cause
920 283 1120 376 principalis,
1142 297 1175 356 rt

188 408 339 464 censetur
355 389 486 460 aliunde
502 389 534 456 iu
550 409 585 456 sc
597 389 761 476 suscipere
777 409 860 458 onus
876 389 1099 460 restitutionis.

232 501 420 574 Tertioloco
433 507 571 580 tenetur,
589 519 627 568 ex
642 519 804 568 consensu
820 501 1059 588 theologorum,
1077 525 1173 572 eccae·

188 629 289 700 queue
306 617 382 680 ante
401 606 607 676 consulentes
630 617 662 674 et
677 614 902 696 cooperatores
919 625 1061 695 quwutu
1083 611 1173 677 ectio

190 716 324 787 consilio
339 711 521 802 aequivolct.
544 711 740 780 lctiecaim
765 711 962 779 consulentis
979 723 1175 806 autcoopo·
1289 733 1290 756 t

190 837 332 892 ratorum
349 835 490 906 quarm
506 817 588 886 ectio
605 817 741 884 consilio
758 817 929 905 aequivalet
938 819 1036 886 servit
1054 829 1172 889 eicco·

190 929 273 1007 tori,
306 927 389 994 sicut
414 923 498 992 actio
518 925 696 994 executoris
722 925 819 992 servit
848 923 1037 1004 mandanti,
1065 926 1185 1014 ipsunt

191 1032 312 1102 seilicet
327 1029 529 1110 instruendo,
543 1029 694 1110 intendo,
708 1029 877 1110 armando,
892 1037 953 1096 etc.
967 1050 973 1061 ¹

237 1151 360 1234 Quarto
372 1149 444 1216 loco
459 1156 611 1216 tenentur
635 1149 804 1214 consulens
820 1143 852 1213 cl
871 1145 924 1212 alii
946 1147 1177 1236 cooperatores

191 1255 366 1342 intorques
385 1251 494 1321 nullus
512 1263 561 1320 est
576 1251 672 1318 erdo,
685 1245 803 1318 Eorum
820 1250 906 1342 enim
930 1249 1075 1318 actiones
1096 1265 1168 1318 sunt

192 1358 275 1426 inter
289 1379 325 1426 se
339 1357 550 1438 collaterales,
575 1377 641 1426 non
657 1357 734 1424 tero
756 1353 988 1424 subordinatas.
1003 1356 1061 1424 Sic
1078 1357 1169 1448 palpo

193 1464 258 1530 non
268 1474 317 1530 cat
325 1463 574 1530 instrumentum
587 1461 796 1542 consulentis,
819 1468 874 1529 aut
892 1461 960 1530 vice
977 1469 1081 1528 verso.

240 1577 277 1640 5⁰
293 1576 377 1642 lntcr
386 1587 611 1663 cooperatores
623 1577 804 1662 negativos:

236 1679 402 1746 Tenentur
413 1681 453 1747 od
470 1677 703 1750 restitutionem
719 1681 869 1750 custodes
885 1691 917 1747 et
942 1679 1171 1769 preelectipar-

190 1783 342 1852 ticulcrcs
366 1797 445 1854 aute
465 1785 644 1873 generales.
665 1785 877 1853 particulares
903 1786 990 1853 enim
1019 1793 1173 1852 tenentur

193 1885 1173 1978 impediredamnumimmediato,generalesautemmcdiatd,

195 1995 316 2064 scilicet
341 1995 536 2085 invigilando
567 2009 603 2064 ut
632 1996 843 2085 particulares
868 1995 977 2064 debite
998 1995 1178 2084 iungantur

194 2099 388 2170 officioauo.

243 2217 367 2300 Qusest.
394 2217 441 2282 5⁸.
474 2217 629 2298 Qooenutu
644 2219 711 2285 aiot
731 2217 857 2287 ordinis
880 2217 1030 2303 praedicti
1045 2237 1176 2284 censec-

197 2319 309 2386 toric?
1064 2385 1068 2394 ,
1143 2316 1153 2330 ‘

220 2437 335 2522 desp.
354 2435 388 2502 ln
400 2451 520 2522 genere
534 2459 640 2506 causac
656 2439 858 2508 secundariae
880 2439 920 2506 ad
939 2439 1176 2508 restitutionem

195 2552 346 2610 tenentur
361 2547 484 2610 tautitm
498 2541 625 2611 delectu
647 2563 753 2610 eousoc
769 2543 954 2632 principalis
979 2547 996 2610 i
1015 2549 1081 2632 qud
1096 2564 1176 2631 pen·

197 2649 294 2727 dent3
318 2649 359 2716 ito
377 2656 427 2729 ut,
453 2648 587 2718 liberato
604 2656 700 2716 cause
723 2649 904 2739 principali,
931 2648 1113 2728 liberentur
1126 2667 1177 2736 sc·¹

198 2753 374 2824 cundariae.
1051 2773 1055 2782 ’

241 2867 341 2932 Inde:
361 2866 396 2933 l⁰
409 2869 440 2936 Si
450 2887 546 2936 cause
559 2867 744 2956 principalis
771 2864 958 2949 restituerit,
983 2875 1039 2934 aut
1055 2866 1170 2934 remis·
1191 2853 1195 2861 ¹

198 2970 323 3038 sionem
346 2972 445 3038 debiti
464 2972 650 3052 obtinuerit,
663 2973 709 3050 ¹ad
727 2971 807 3042 nihil
823 2981 977 3050 tenentur
998 2992 1176 3068 causscqse·

198 3075 363 3142 cundariae
379 3075 419 3142 ab
437 3084 474 3144 eo
490 3077 680 3165 pendentes.
773 3151 775 3159 ,
844 3066 848 3074 ’
911 3067 914 3077 “

244 3189 281 3256 2⁰
293 3189 327 3258 Si
344 3197 442 3258 uuae
466 3191 571 3260 causis
595 3193 703 3260 minus
726 3179 956 3282 principalibus
979 3192 1174 3268 restituerit,

152 3350 155 3356 .
198 3301 334 3376 causato
351 3297 536 3366 restituente
552 3297 729 3392 pendentes
752 3298 946 3380 liberantur.
969 3295 1072 3366 Causa
1086 3297 1184 3386 prin-¹

200 3397 310 3484 cipalis
321 3399 476 3470 liberetur
488 3421 562 3488 erga
580 3403 786 3484 creditorem,
804 3403 862 3473 sed
877 3402 1185 3492 teneuradgtotan·
