2622 3976
613 169 813 238 *268-

214 314 322 382 remis.
328 313 413 379 ——ln
424 314 526 398 gradu
540 313 709 400 requisito:
723 311 866 392 Porro,'
846 331 923 396 jare
938 314 1194 403 naturaliexigi

215 427 266 484 tur
282 417 401 502 gradus
417 415 573 482 libertatis
589 415 629 481 ad
644 427 810 502 peccatum
823 415 957 484 mortale
973 415 1192 498 sufficiens,
1168 442 1196 488 st

215 535 396 592 contractus
408 521 528 606 obliget
543 521 604 588 sub
620 522 720 606 gravi.
740 522 908 608 Repugnat
918 541 1005 588 emm
1025 523 1194 590 bominem

216 630 277 696 sibi
304 630 471 717 imponere
491 627 720 712 obligationem
736 645 865 712 grovero
883 647 941 714 per
956 639 1064 706 actum
1086 629 1195 697 exclu-

217 734 536 804 dentemlibertatem
550 733 737 820 requisitam
753 734 793 800 ad
811 737 1195 822 poetarumquanto

214 841 353 924 positivo
365 838 721 924 aliquandorequiritur
730 838 850 923 gratim
860 837 1197 920 tnunsiortttseuttc

217 945 249 1010 id
263 943 446 1011 notabimus
459 943 520 1010 sub
536 944 634 1010 titulis
650 942 857 1032 specialibus.

263 1045 299 1112 5⁰
315 1048 544 1130 Simultcneus,
562 1051 673 1120 saltent
689 1033 856 1118 moraliter
868 1074 876 1115 :
886 1087 933 1100 --
945 1048 1168 1120 Simultaneus
1188 1074 1196 1115 ε

219 1156 251 1222 Si
265 1156 351 1222 enim
374 1157 539 1225 concessio
560 1163 591 1222 et
613 1155 789 1244 acceptatio
811 1177 877 1222 non
901 1156 1129 1240 coexisterent,
1144 1158 1196 1246 jrrs

220 1281 284 1328 non
301 1269 427 1338 vacaret
442 1273 586 1352 tempore
600 1259 846 1349 acceptationis;
865 1281 942 1346 ergo
958 1261 1096 1330 inualida
1116 1273 1196 1332 esset

221 1370 394 1456 acceptatio
409 1417 418 1446 ,
443 1368 580 1454 proinde
595 1367 682 1434 nulla
700 1367 849 1437 existeret
859 1363 943 1452 juris
956 1365 1143 1435 translatio..
1154 1403 1197 1418 -
1294 1353 1295 1378 ¹

221 1475 339 1540 Saltem
363 1473 546 1540 moraliter:
562 1470 685 1540 Sufficit
701 1473 787 1542 enim
810 1471 888 1540 vera*
899 1471 1135 1541 simultoccit‘as
1151 1475 1194 1541 in·

220 1593 269 1646 ter
285 1581 367 1644 duos
383 1587 493 1655 aarum
512 1597 621 1665 porro,
643 1577 1023 1646 simultaneitasmoralis
1040 1591 1089 1645 est
1108 1601 1193 1656 vera,

222 1689 307 1761 cum,
325 1703 362 1750 ex
376 1683 521 1749 omnium
534 1703 706 1764 consensu,
721 1692 810 1752 actos
822 1683 952 1752 moralis
964 1683 1063 1752 semel
1075 1687 1195 1772 positus

221 1809 279 1876 per
294 1787 424 1875 aliquod
441 1791 596 1878 temporis
609 1791 747 1878 spatium
760 1810 965 1878 perseverare
984 1790 1098 1880 possit.

206 1943 209 1950 -
266 1893 304 1958 l⁰
318 1896 501 1964 Excludens
525 1917 633 1964 omnes
648 1897 848 1964 conditiones
874 1895 1101 1982 cttpcttcccm
1126 1899 1195 1964 der-

222 2013 384 2082 trttentes:
399 2001 548 2090 Alioquin
570 2002 795 2079 contrahentes
815 2023 874 2090 pot·
888 2002 1107 2070 conditionem
1126 2004 1195 2073 des·
1294 2015 1295 2052 ὲ

223 2122 367 2176 truerent
381 2111 578 2176 voluntatem
595 2109 821 2190 contrahendi,
837 2109 972 2197 proinde
994 2113 1112 2176 revera
1122 2129 1195 2176 eon
1294 2157 1295 2210 q

224 2217 350 2282 trahere
366 2215 503 2289 nollent.

227 2322 304 2384 ..b0
320 2321 502 2405 Expressae
521 2324 624 2390 debito
640 2325 761 2390 morlo.
751 2323 1028 2410 -Espressus:
1049 2267 1196 2390 Contrac-
1294 2309 1295 2312 ¹

149 2495 151 2500 ,
224 2437 274 2493 tas
287 2427 373 2494 enim
390 2441 438 2496 est
449 2430 630 2508 eontentio,
646 2427 1194 2522 scucompensastiouoluutatumt
1294 2417 1295 2464 t

221 2555 331 2622 porro,
357 2535 556 2604 voluntatum
581 2535 908 2623 componetratiouon
925 2545 1028 2622 potest
1053 2532 1123 2602 lieri
1142 2537 1197 2600 im-

222 2642 373 2722 mediate,
391 2644 449 2708 sed
473 2647 597 2709 tantum
617 2641 780 2708 mediante
803 2637 1200 2728 expressione—'Debita

222 2748 344 2812 modu:
366 2749 443 2814 lure
458 2748 605 2814 naturali
613 2747 788 2833 requiritur
804 2746 1107 2832 tantumeuprcssio‘
1116 2765 1198 2830 quac
1294 2741 1295 2764 ¹

221 2853 312 2931 libet,
335 2853 433 2918 modo
451 2865 588 2939 uterque
608 2853 801 2920 contrahens
817 2851 1012 2918 voluntatem
1028 2849 1197 2948 compartis

121 3023 123 3026 .
222 2955 416 3043 cognoscere
432 2959 558 3047 possit.
576 2959 653 3023 lure
674 2959 814 3043 positivo
830 2957 1006 3044 aliquando
1027 2955 1199 3042 requiritur

222 3065 372 3153 specialis
393 3065 513 3132 modus
527 3065 755 3152 expressionis,
783 3081 881 3150 qoem
896 3053 1120 3188 indicabimus
1140 3059 1198 3126 sub

223 3171 330 3238 titulis
339 3169 544 3265 specialibus.

268 3275 389 3356 Quacst
409 3273 445 3338 3ίὶ
456 3275 544 3356 Quid
557 3283 710 3358 sequetur
720 3274 754 3339 in
770 3273 986 3338 contractibus
1002 3290 1041 3337 ec
1057 3267 1200 3337 absentia

225 3371 691 3454 cortcliliorttttretttrlitltttttt's?¹
737 3427 758 3434 ff
845 3409 861 3432 a

268 3485 362 3568 Hesp.
381 3486 436 3552 Vel
460 3487 599 3551 conditio
626 3483 778 3552 deficiens
795 3484 995 3570 requiritura
1018 3482 1199 3567 jurenatu·
1294 3519 1295 3528 .
