<?xml version="1.0" encoding="UTF-8"?>
<!DOCTYPE html PUBLIC "-//W3C//DTD XHTML 1.0 Transitional//EN"
    "http://www.w3.org/TR/xhtml1/DTD/xhtml1-transitional.dtd">
<html xmlns="http://www.w3.org/1999/xhtml" xml:lang="en" lang="en">
 <head>
  <title>
</title>
<meta http-equiv="Content-Type" content="text/html;charset=utf-8" />
  <meta name='ocr-system' content='tesseract 3.04.00' />
  <meta name='ocr-capabilities' content='ocr_page ocr_carea ocr_par ocr_line ocrx_word'/>
</head>
<body>
  <div class='ocr_page' id='page_1' title='image "./theologiadogmat00fraigoog_0128.png"; bbox 0 0 2712 4164; ppageno 0'>
   <div class='ocr_carea' id='block_1_1' title="bbox 643 379 842 448">
    <p class='ocr_par' dir='ltr' id='par_1_1' title="bbox 643 379 842 448">
     <span class='ocr_line' id='line_1_1' title="bbox 643 379 842 448; baseline -0.01 0"><span class='ocrx_word' id='word_1_1' title='bbox 643 379 842 448; x_wconf 56' lang='lat' dir='ltr'><strong>-llhs-</strong></span> 
     </span>
    </p>
   </div>
   <div class='ocr_carea' id='block_1_2' title="bbox 250 519 1240 1132">
    <p class='ocr_par' dir='ltr' id='par_1_2' title="bbox 250 519 1240 1132">
     <span class='ocr_line' id='line_1_2' title="bbox 253 519 1240 610; baseline -0.005 -14"><span class='ocrx_word' id='word_1_2' title='bbox 253 523 489 596; x_wconf 84' lang='lat' dir='ltr'><strong>oommunitatia</strong></span> <span class='ocrx_word' id='word_1_3' title='bbox 505 519 628 608; x_wconf 73' lang='lat' dir='ltr'><strong>legalia,</strong></span> <span class='ocrx_word' id='word_1_4' title='bbox 651 521 677 588; x_wconf 87' lang='lat' dir='ltr'><strong>si</strong></span> <span class='ocrx_word' id='word_1_5' title='bbox 694 519 816 592; x_wconf 83' lang='lat' dir='ltr'><strong>nullam</strong></span> <span class='ocrx_word' id='word_1_6' title='bbox 837 521 1009 610; x_wconf 81' lang='lat' dir='ltr'><strong>apeoialanr</strong></span> <span class='ocrx_word' id='word_1_7' title='bbox 1030 521 1240 610; x_wconf 82' lang='lat' dir='ltr'><strong>paoiaonntur</strong></span> 
     </span>
     <span class='ocr_line' id='line_1_3' title="bbox 251 625 1240 712; baseline -0.002 -14"><span class='ocrx_word' id='word_1_8' title='bbox 251 628 494 698; x_wconf 82' lang='lat' dir='ltr'><strong>conventionem</strong></span> <span class='ocrx_word' id='word_1_9' title='bbox 511 628 551 694; x_wconf 90' lang='lat' dir='ltr'><strong>do</strong></span> <span class='ocrx_word' id='word_1_10' title='bbox 568 625 850 706; x_wconf 78' lang='lat' dir='ltr'><strong>nanis.-P0n0‚</strong></span> <span class='ocrx_word' id='word_1_11' title='bbox 867 626 900 692; x_wconf 90' lang='lat' dir='ltr'><strong>in</strong></span> <span class='ocrx_word' id='word_1_12' title='bbox 918 626 1074 712; x_wconf 76' lang='lat' dir='ltr'><strong>regimine</strong></span> <span class='ocrx_word' id='word_1_13' title='bbox 1087 647 1240 696; x_wconf 86' lang='lat' dir='ltr'><strong>eommu-</strong></span> 
     </span>
     <span class='ocr_line' id='line_1_4' title="bbox 250 730 1238 814; baseline -0.002 -12"><span class='ocrx_word' id='word_1_14' title='bbox 250 734 368 814; x_wconf 85' lang='lat' dir='ltr'><strong>nitatia‚</strong></span> <span class='ocrx_word' id='word_1_15' title='bbox 395 733 481 802; x_wconf 84' lang='lat' dir='ltr'><strong>bona</strong></span> <span class='ocrx_word' id='word_1_16' title='bbox 507 741 582 798; x_wconf 84' lang='lat' dir='ltr'><strong>aunt</strong></span> <span class='ocrx_word' id='word_1_17' title='bbox 598 731 660 798; x_wconf 90' lang='lat' dir='ltr'><strong>alia</strong></span> <span class='ocrx_word' id='word_1_18' title='bbox 676 731 874 811; x_wconf 87' lang='lat' dir='ltr'><strong>eommunia,</strong></span> <span class='ocrx_word' id='word_1_19' title='bbox 903 731 964 800; x_wconf 85' lang='lat' dir='ltr'><strong>alia</strong></span> <span class='ocrx_word' id='word_1_20' title='bbox 982 730 1123 811; x_wconf 87' lang='lat' dir='ltr'><strong>dotalia;</strong></span> <span class='ocrx_word' id='word_1_21' title='bbox 1145 733 1238 800; x_wconf 88' lang='lat' dir='ltr'><strong>nulla</strong></span> 
     </span>
     <span class='ocr_line' id='line_1_5' title="bbox 250 835 1237 930; baseline -0.001 -23"><span class='ocrx_word' id='word_1_22' title='bbox 250 853 327 910; x_wconf 83' lang='lat' dir='ltr'><strong>aunt</strong></span> <span class='ocrx_word' id='word_1_23' title='bbox 340 837 596 930; x_wconf 77' lang='lat' dir='ltr'><strong>paraphernalia.</strong></span> <span class='ocrx_word' id='word_1_24' title='bbox 608 835 799 904; x_wconf 78' lang='lat' dir='ltr'><strong>Communia</strong></span> <span class='ocrx_word' id='word_1_25' title='bbox 813 849 888 906; x_wconf 82' lang='lat' dir='ltr'><strong>aunt</strong></span> <span class='ocrx_word' id='word_1_26' title='bbox 900 857 973 924; x_wconf 87' lang='lat' dir='ltr'><strong>quaa</strong></span> <span class='ocrx_word' id='word_1_27' title='bbox 995 838 1237 918; x_wconf 70' lang='lat' dir='ltr'><strong>communitati,</strong></span> 
     </span>
     <span class='ocr_line' id='line_1_6' title="bbox 253 937 1236 1030; baseline -0.006 -16"><span class='ocrx_word' id='word_1_28' title='bbox 253 943 378 1030; x_wconf 78' lang='lat' dir='ltr'><strong>exlege</strong></span> <span class='ocrx_word' id='word_1_29' title='bbox 392 953 448 1010; x_wconf 90' lang='lat' dir='ltr'><strong>aut</strong></span> <span class='ocrx_word' id='word_1_30' title='bbox 463 937 688 1018; x_wconf 83' lang='lat' dir='ltr'><strong>eonvemione,</strong></span> <span class='ocrx_word' id='word_1_31' title='bbox 701 938 919 1027; x_wconf 76' lang='lat' dir='ltr'><strong>subjiciuntur</strong></span> <span class='ocrx_word' id='word_1_32' title='bbox 929 963 938 1017; x_wconf 91' lang='lat'>;</span> <span class='ocrx_word' id='word_1_33' title='bbox 950 940 1068 1006; x_wconf 90' lang='lat' dir='ltr'><strong>dotalia</strong></span> <span class='ocrx_word' id='word_1_34' title='bbox 1081 953 1159 1008; x_wconf 85' lang='lat' dir='ltr'><strong>aunt</strong></span> <span class='ocrx_word' id='word_1_35' title='bbox 1169 941 1236 1008; x_wconf 86' lang='lat' dir='ltr'><strong>alia</strong></span> 
     </span>
     <span class='ocr_line' id='line_1_7' title="bbox 256 1043 551 1132; baseline -0.017 -19"><span class='ocrx_word' id='word_1_36' title='bbox 256 1047 431 1132; x_wconf 73' lang='lat' dir='ltr'><strong>conjugum</strong></span> <span class='ocrx_word' id='word_1_37' title='bbox 447 1043 551 1112; x_wconf 89' lang='lat' dir='ltr'><strong>bona.</strong></span> 
     </span>
    </p>
   </div>
   <div class='ocr_carea' id='block_1_3' title="bbox 283 1141 1354 1230">
    <p class='ocr_par' dir='ltr' id='par_1_3' title="bbox 283 1141 1354 1230">
     <span class='ocr_line' id='line_1_8' title="bbox 283 1141 1354 1230; baseline 0 -19"><span class='ocrx_word' id='word_1_38' title='bbox 283 1141 1238 1230; x_wconf 75' lang='lat' dir='ltr'><strong>laragiminibuasequentihnannllnauntbonaeommunia.</strong></span> <span class='ocrx_word' id='word_1_39' title='bbox 1353 1142 1354 1146; x_wconf 70' lang='grc'>’</span> 
     </span>
    </p>
   </div>
   <div class='ocr_carea' id='block_1_4' title="bbox 209 1249 1241 3335">
    <p class='ocr_par' dir='ltr' id='par_1_4' title="bbox 213 1249 1240 2184">
     <span class='ocr_line' id='line_1_9' title="bbox 293 1249 1236 1336; baseline -0.004 -18"><span class='ocrx_word' id='word_1_40' title='bbox 293 1251 358 1318; x_wconf 81' lang='lat' dir='ltr'><strong>Sub</strong></span> <span class='ocrx_word' id='word_1_41' title='bbox 373 1249 528 1336; x_wconf 79' lang='lat' dir='ltr'><strong>repimr&#39;ne</strong></span> <span class='ocrx_word' id='word_1_42' title='bbox 543 1251 782 1319; x_wconf 72' lang='lat' dir='ltr'><strong>communitatis</strong></span> <span class='ocrx_word' id='word_1_43' title='bbox 798 1249 1041 1329; x_wconf 67' lang='lat' dir='ltr'><strong>centurionum</strong></span> <span class='ocrx_word' id='word_1_44' title='bbox 1057 1267 1130 1314; x_wconf 83' lang='lat' dir='ltr'><strong>curn</strong></span> <span class='ocrx_word' id='word_1_45' title='bbox 1141 1269 1236 1335; x_wconf 81' lang='lat' dir='ltr'><strong>repo·</strong></span> 
     </span>
     <span class='ocr_line' id='line_1_10' title="bbox 252 1353 1237 1442; baseline -0.002 -18"><span class='ocrx_word' id='word_1_46' title='bbox 252 1359 380 1426; x_wconf 83' lang='lat' dir='ltr'><strong>ratione</strong></span> <span class='ocrx_word' id='word_1_47' title='bbox 395 1357 564 1434; x_wconf 76' lang='lat' dir='ltr'><strong>honorum.</strong></span> <span class='ocrx_word' id='word_1_48' title='bbox 582 1359 689 1426; x_wconf 78' lang='lat' dir='ltr'><strong>Partes</strong></span> <span class='ocrx_word' id='word_1_49' title='bbox 705 1369 781 1424; x_wconf 83' lang='lat' dir='ltr'><strong>aunt</strong></span> <span class='ocrx_word' id='word_1_50' title='bbox 802 1355 939 1422; x_wconf 80' lang='lat' dir='ltr'><strong>subhac</strong></span> <span class='ocrx_word' id='word_1_51' title='bbox 963 1353 1122 1442; x_wconf 77' lang='lat' dir='ltr'><strong>regimine</strong></span> <span class='ocrx_word' id='word_1_52' title='bbox 1143 1359 1237 1435; x_wconf 86' lang='lat' dir='ltr'><strong>aiam,</strong></span> 
     </span>
     <span class='ocr_line' id='line_1_11' title="bbox 252 1449 1233 1552; baseline -0.004 -20"><span class='ocrx_word' id='word_1_53' title='bbox 252 1464 350 1532; x_wconf 88' lang='lat' dir='ltr'><strong>dotali</strong></span> <span class='ocrx_word' id='word_1_54' title='bbox 365 1463 521 1550; x_wconf 79' lang='lat' dir='ltr'><strong>regimine</strong></span> <span class='ocrx_word' id='word_1_55' title='bbox 531 1484 596 1531; x_wconf 90' lang='lat' dir='ltr'><strong>non</strong></span> <span class='ocrx_word' id='word_1_56' title='bbox 612 1461 774 1552; x_wconf 86' lang='lat' dir='ltr'><strong>stipulata,</strong></span> <span class='ocrx_word' id='word_1_57' title='bbox 794 1449 958 1530; x_wconf 81' lang='lat' dir='ltr'><strong>declarant</strong></span> <span class='ocrx_word' id='word_1_58' title='bbox 970 1481 1006 1528; x_wconf 84' lang='lat' dir='ltr'><strong>aa</strong></span> <span class='ocrx_word' id='word_1_59' title='bbox 1021 1459 1103 1526; x_wconf 86' lang='lat' dir='ltr'><strong>inire</strong></span> <span class='ocrx_word' id='word_1_60' title='bbox 1125 1463 1233 1540; x_wconf 86' lang='lat' dir='ltr'><strong>matri·</strong></span> 
     </span>
     <span class='ocr_line' id='line_1_12' title="bbox 213 1561 1236 1654; baseline -0.007 -16"><span class='ocrx_word' id='word_1_61' title='bbox 213 1561 216 1568; x_wconf 62' lang='grc'>’</span> <span class='ocrx_word' id='word_1_62' title='bbox 254 1569 400 1638; x_wconf 89' lang='lat' dir='ltr'><strong>monium</strong></span> <span class='ocrx_word' id='word_1_63' title='bbox 414 1571 485 1638; x_wconf 86' lang='lat' dir='ltr'><strong>sina</strong></span> <span class='ocrx_word' id='word_1_64' title='bbox 501 1568 743 1648; x_wconf 78' lang='lat' dir='ltr'><strong>communitate,</strong></span> <span class='ocrx_word' id='word_1_65' title='bbox 761 1565 810 1634; x_wconf 85' lang='lat' dir='ltr'><strong>vel</strong></span> <span class='ocrx_word' id='word_1_66' title='bbox 826 1587 902 1634; x_wconf 87' lang='lat' dir='ltr'><strong>oum</strong></span> <span class='ocrx_word' id='word_1_67' title='bbox 923 1567 1086 1632; x_wconf 88' lang='lat' dir='ltr'><strong>bonorum</strong></span> <span class='ocrx_word' id='word_1_68' title='bbox 1101 1585 1236 1654; x_wconf 76' lang='lat' dir='ltr'><strong>separa-</strong></span> 
     </span>
     <span class='ocr_line' id='line_1_13' title="bbox 258 1669 1238 1756; baseline -0.006 -14"><span class='ocrx_word' id='word_1_69' title='bbox 258 1677 357 1746; x_wconf 85' lang='lat' dir='ltr'><strong>tione.</strong></span> <span class='ocrx_word' id='word_1_70' title='bbox 372 1711 414 1728; x_wconf 53' lang='grc' dir='ltr'><strong>ψ-</strong></span> <span class='ocrx_word' id='word_1_71' title='bbox 434 1673 468 1741; x_wconf 93' lang='lat' dir='ltr'><strong>ln</strong></span> <span class='ocrx_word' id='word_1_72' title='bbox 496 1671 653 1756; x_wconf 78' lang='lat' dir='ltr'><strong>regimina</strong></span> <span class='ocrx_word' id='word_1_73' title='bbox 676 1671 915 1740; x_wconf 70' lang='lat' dir='ltr'><strong>communitatis</strong></span> <span class='ocrx_word' id='word_1_74' title='bbox 940 1669 1122 1749; x_wconf 70' lang='lat' dir='ltr'><strong>exclusivo,</strong></span> <span class='ocrx_word' id='word_1_75' title='bbox 1151 1671 1238 1746; x_wconf 82' lang='lat' dir='ltr'><strong>nulla</strong></span> 
     </span>
     <span class='ocr_line' id='line_1_14' title="bbox 257 1777 1240 1869; baseline -0.002 -23"><span class='ocrx_word' id='word_1_76' title='bbox 257 1777 501 1869; x_wconf 77' lang='lat' dir='ltr'><strong>paraphernalia</strong></span> <span class='ocrx_word' id='word_1_77' title='bbox 527 1779 635 1857; x_wconf 86' lang='lat' dir='ltr'><strong>bona,</strong></span> <span class='ocrx_word' id='word_1_78' title='bbox 663 1779 770 1845; x_wconf 91' lang='lat' dir='ltr'><strong>omnia</strong></span> <span class='ocrx_word' id='word_1_79' title='bbox 790 1791 866 1849; x_wconf 83' lang='lat' dir='ltr'><strong>runt</strong></span> <span class='ocrx_word' id='word_1_80' title='bbox 888 1777 1021 1846; x_wconf 88' lang='lat' dir='ltr'><strong>dotalia.</strong></span> <span class='ocrx_word' id='word_1_81' title='bbox 1040 1777 1130 1844; x_wconf 91' lang='lat' dir='ltr'><strong>-Si</strong></span> <span class='ocrx_word' id='word_1_82' title='bbox 1158 1777 1240 1845; x_wconf 78' lang='lat' dir='ltr'><strong>adsit</strong></span> 
     </span>
     <span class='ocr_line' id='line_1_15' title="bbox 256 1881 1238 1972; baseline -0.001 -22"><span class='ocrx_word' id='word_1_83' title='bbox 256 1885 417 1953; x_wconf 89' lang='lat' dir='ltr'><strong>bonorum</strong></span> <span class='ocrx_word' id='word_1_84' title='bbox 443 1883 619 1972; x_wconf 73' lang='lat' dir='ltr'><strong>separatio,</strong></span> <span class='ocrx_word' id='word_1_85' title='bbox 645 1881 763 1950; x_wconf 88' lang='lat' dir='ltr'><strong>dotalia</strong></span> <span class='ocrx_word' id='word_1_86' title='bbox 790 1895 867 1951; x_wconf 87' lang='lat' dir='ltr'><strong>auat</strong></span> <span class='ocrx_word' id='word_1_87' title='bbox 890 1882 1051 1970; x_wconf 75' lang='lat' dir='ltr'><strong>quantitas</strong></span> <span class='ocrx_word' id='word_1_88' title='bbox 1077 1883 1238 1952; x_wconf 84' lang='lat' dir='ltr'><strong>bonorum</strong></span> 
     </span>
     <span class='ocr_line' id='line_1_16' title="bbox 255 1987 1240 2080; baseline 0.001 -25"><span class='ocrx_word' id='word_1_89' title='bbox 255 2001 347 2077; x_wconf 86' lang='lat' dir='ltr'><strong>paeto</strong></span> <span class='ocrx_word' id='word_1_90' title='bbox 360 1989 591 2068; x_wconf 82' lang='lat' dir='ltr'><strong>determinata3</strong></span> <span class='ocrx_word' id='word_1_91' title='bbox 613 1989 683 2070; x_wconf 83' lang='lat' dir='ltr'><strong>vel,</strong></span> <span class='ocrx_word' id='word_1_92' title='bbox 714 1987 883 2058; x_wconf 82' lang='lat' dir='ltr'><strong>deliciante</strong></span> <span class='ocrx_word' id='word_1_93' title='bbox 908 2002 1030 2078; x_wconf 87' lang='lat' dir='ltr'><strong>paeto,</strong></span> <span class='ocrx_word' id='word_1_94' title='bbox 1058 1991 1149 2058; x_wconf 87' lang='lat' dir='ltr'><strong>tertia</strong></span> <span class='ocrx_word' id='word_1_95' title='bbox 1167 2011 1240 2080; x_wconf 84' lang='lat' dir='ltr'><strong>para</strong></span> 
     </span>
     <span class='ocr_line' id='line_1_17' title="bbox 257 2095 967 2184; baseline 0 -22"><span class='ocrx_word' id='word_1_96' title='bbox 257 2095 433 2162; x_wconf 85' lang='lat' dir='ltr'><strong>redituum.</strong></span> <span class='ocrx_word' id='word_1_97' title='bbox 449 2095 694 2184; x_wconf 76' lang='lat' dir='ltr'><strong>paraphernalia</strong></span> <span class='ocrx_word' id='word_1_98' title='bbox 712 2095 856 2162; x_wconf 81' lang='lat' dir='ltr'><strong>suntalia</strong></span> <span class='ocrx_word' id='word_1_99' title='bbox 870 2095 967 2162; x_wconf 84' lang='lat' dir='ltr'><strong>bona.</strong></span> 
     </span>
    </p>

    <p class='ocr_par' dir='ltr' id='par_1_5' title="bbox 250 2197 1239 2594">
     <span class='ocr_line' id='line_1_18' title="bbox 300 2197 1235 2286; baseline -0.001 -18"><span class='ocrx_word' id='word_1_100' title='bbox 300 2199 365 2268; x_wconf 81' lang='lat' dir='ltr'><strong>Sub</strong></span> <span class='ocrx_word' id='word_1_101' title='bbox 379 2201 535 2286; x_wconf 81' lang='lat' dir='ltr'><strong>repimine</strong></span> <span class='ocrx_word' id='word_1_102' title='bbox 545 2199 658 2268; x_wconf 79' lang='lat' dir='ltr'><strong>dotali.</strong></span> <span class='ocrx_word' id='word_1_103' title='bbox 671 2201 781 2266; x_wconf 80' lang='lat' dir='ltr'><strong>Partes</strong></span> <span class='ocrx_word' id='word_1_104' title='bbox 796 2199 858 2264; x_wconf 83' lang='lat' dir='ltr'><strong>auh</strong></span> <span class='ocrx_word' id='word_1_105' title='bbox 871 2197 925 2266; x_wconf 86' lang='lat' dir='ltr'><strong>illo</strong></span> <span class='ocrx_word' id='word_1_106' title='bbox 943 2199 1100 2285; x_wconf 78' lang='lat' dir='ltr'><strong>regimina</strong></span> <span class='ocrx_word' id='word_1_107' title='bbox 1116 2201 1235 2268; x_wconf 81' lang='lat' dir='ltr'><strong>eonati-</strong></span> 
     </span>
     <span class='ocr_line' id='line_1_19' title="bbox 255 2303 1239 2392; baseline -0.002 -21"><span class='ocrx_word' id='word_1_108' title='bbox 255 2317 392 2375; x_wconf 89' lang='lat' dir='ltr'><strong>tuuntur</strong></span> <span class='ocrx_word' id='word_1_109' title='bbox 411 2304 806 2392; x_wconf 78' lang='lat' dir='ltr'><strong>declarationeaxpresad.</strong></span> <span class='ocrx_word' id='word_1_110' title='bbox 824 2341 869 2364; x_wconf 63' lang='lat' dir='ltr'><strong>-v</strong></span> <span class='ocrx_word' id='word_1_111' title='bbox 880 2305 914 2370; x_wconf 93' lang='lat' dir='ltr'><strong>ln</strong></span> <span class='ocrx_word' id='word_1_112' title='bbox 931 2303 1000 2384; x_wconf 85' lang='lat' dir='ltr'><strong>illo,</strong></span> <span class='ocrx_word' id='word_1_113' title='bbox 1028 2305 1148 2374; x_wconf 84' lang='lat' dir='ltr'><strong>dotalia</strong></span> <span class='ocrx_word' id='word_1_114' title='bbox 1163 2315 1239 2372; x_wconf 81' lang='lat' dir='ltr'><strong>aunt</strong></span> 
     </span>
     <span class='ocr_line' id='line_1_20' title="bbox 259 2405 1238 2495; baseline 0.001 -23"><span class='ocrx_word' id='word_1_115' title='bbox 259 2407 345 2476; x_wconf 86' lang='lat' dir='ltr'><strong>bona</strong></span> <span class='ocrx_word' id='word_1_116' title='bbox 359 2427 433 2495; x_wconf 81' lang='lat' dir='ltr'><strong>quoe</strong></span> <span class='ocrx_word' id='word_1_117' title='bbox 445 2425 525 2472; x_wconf 82' lang='lat' dir='ltr'><strong>uxor</strong></span> <span class='ocrx_word' id='word_1_118' title='bbox 541 2405 636 2472; x_wconf 85' lang='lat' dir='ltr'><strong>tradit</strong></span> <span class='ocrx_word' id='word_1_119' title='bbox 652 2406 767 2474; x_wconf 86' lang='lat' dir='ltr'><strong>marito</strong></span> <span class='ocrx_word' id='word_1_120' title='bbox 782 2407 823 2473; x_wconf 87' lang='lat' dir='ltr'><strong>ad</strong></span> <span class='ocrx_word' id='word_1_121' title='bbox 840 2406 1027 2474; x_wconf 79' lang='lat' dir='ltr'><strong>sustinenda</strong></span> <span class='ocrx_word' id='word_1_122' title='bbox 1044 2408 1238 2475; x_wconf 87' lang='lat' dir='ltr'><strong>matrimonii</strong></span> 
     </span>
     <span class='ocr_line' id='line_1_21' title="bbox 250 2506 918 2594; baseline 0.001 -19"><span class='ocrx_word' id='word_1_123' title='bbox 250 2528 374 2576; x_wconf 85' lang='lat' dir='ltr'><strong>onera.</strong></span> <span class='ocrx_word' id='word_1_124' title='bbox 393 2506 641 2594; x_wconf 71' lang='lat' dir='ltr'><strong>paraphernalia</strong></span> <span class='ocrx_word' id='word_1_125' title='bbox 655 2523 730 2576; x_wconf 86' lang='lat' dir='ltr'><strong>aunt</strong></span> <span class='ocrx_word' id='word_1_126' title='bbox 746 2508 806 2574; x_wconf 88' lang='lat' dir='ltr'><strong>alia</strong></span> <span class='ocrx_word' id='word_1_127' title='bbox 817 2509 918 2576; x_wconf 85' lang='lat' dir='ltr'><strong>hona.</strong></span> 
     </span>
    </p>

    <p class='ocr_par' dir='ltr' id='par_1_6' title="bbox 303 2611 686 2698">
     <span class='ocr_line' id='line_1_22' title="bbox 303 2611 686 2698; baseline 0 -20"><span class='ocrx_word' id='word_1_128' title='bbox 303 2611 571 2698; x_wconf 79' lang='lat' dir='ltr'><strong>Quibuapositia‚</strong></span> <span class='ocrx_word' id='word_1_129' title='bbox 684 2618 686 2624; x_wconf 88' lang='lat'>&#39;</span> 
     </span>
    </p>

    <p class='ocr_par' dir='ltr' id='par_1_7' title="bbox 209 2716 1238 3228">
     <span class='ocr_line' id='line_1_23' title="bbox 300 2716 652 2806; baseline 0 -22"><span class='ocrx_word' id='word_1_130' title='bbox 300 2720 329 2785; x_wconf 90' lang='grc' dir='ltr'><strong>Ι.</strong></span> <span class='ocrx_word' id='word_1_131' title='bbox 347 2719 529 2802; x_wconf 69' lang='lat' dir='ltr'><strong>duplicatio</strong></span> <span class='ocrx_word' id='word_1_132' title='bbox 544 2716 652 2806; x_wconf 81' lang='lat' dir='ltr'><strong>Lepia.</strong></span> 
     </span>
     <span class='ocr_line' id='line_1_24' title="bbox 209 2823 1238 2916; baseline 0.003 -25"><span class='ocrx_word' id='word_1_133' title='bbox 209 2867 211 2870; x_wconf 95' lang='lat'>-</span> <span class='ocrx_word' id='word_1_134' title='bbox 255 2911 257 2916; x_wconf 67' lang='lat'>,</span> <span class='ocrx_word' id='word_1_135' title='bbox 303 2826 550 2904; x_wconf 78' lang='lat' dir='ltr'><strong>lurenoturali,</strong></span> <span class='ocrx_word' id='word_1_136' title='bbox 575 2844 655 2892; x_wconf 85' lang='lat' dir='ltr'><strong>uxor</strong></span> <span class='ocrx_word' id='word_1_137' title='bbox 671 2824 710 2890; x_wconf 92' lang='lat' dir='ltr'><strong>ad</strong></span> <span class='ocrx_word' id='word_1_138' title='bbox 728 2823 897 2892; x_wconf 85' lang='lat' dir='ltr'><strong>arbitrium</strong></span> <span class='ocrx_word' id='word_1_139' title='bbox 909 2835 1028 2912; x_wconf 80' lang='lat' dir='ltr'><strong>posset,</strong></span> <span class='ocrx_word' id='word_1_140' title='bbox 1051 2827 1083 2893; x_wconf 94' lang='lat' dir='ltr'><strong>in</strong></span> <span class='ocrx_word' id='word_1_141' title='bbox 1101 2829 1238 2894; x_wconf 73' lang='lat' dir='ltr'><strong>eonion</strong></span> 
     </span>
     <span class='ocr_line' id='line_1_25' title="bbox 258 2929 1234 3015; baseline -0.001 -17"><span class='ocrx_word' id='word_1_142' title='bbox 258 2932 399 2998; x_wconf 81' lang='lat' dir='ltr'><strong>tionibna</strong></span> <span class='ocrx_word' id='word_1_143' title='bbox 418 2929 733 3012; x_wconf 75' lang='lat' dir='ltr'><strong>matrimonialibus,</strong></span> <span class='ocrx_word' id='word_1_144' title='bbox 758 2929 960 2998; x_wconf 80' lang='lat' dir='ltr'><strong>usufructum</strong></span> <span class='ocrx_word' id='word_1_145' title='bbox 979 2943 1010 3006; x_wconf 84' lang='lat' dir='ltr'><strong>et</strong></span> <span class='ocrx_word' id='word_1_146' title='bbox 1031 2931 1234 3015; x_wconf 84' lang='lat' dir='ltr'><strong>administra-</strong></span> 
     </span>
     <span class='ocr_line' id='line_1_26' title="bbox 251 3035 1238 3114; baseline 0 -14"><span class='ocrx_word' id='word_1_147' title='bbox 251 3035 1238 3114; x_wconf 70' lang='lat' dir='ltr'><strong>lionamhonarumanornmoonsertara‚autmarito-nedere.</strong></span> 
     </span>
     <span class='ocr_line' id='line_1_27' title="bbox 254 3140 970 3228; baseline -0.003 -20"><span class='ocrx_word' id='word_1_148' title='bbox 254 3149 257 3156; x_wconf 83' lang='lat'>&#39;</span> <span class='ocrx_word' id='word_1_149' title='bbox 305 3143 388 3228; x_wconf 81' lang='lat' dir='ltr'><strong>dape</strong></span> <span class='ocrx_word' id='word_1_150' title='bbox 402 3154 511 3208; x_wconf 85' lang='lat' dir='ltr'><strong>autem</strong></span> <span class='ocrx_word' id='word_1_151' title='bbox 522 3141 624 3219; x_wconf 78' lang='lat' dir='ltr'><strong>civili,</strong></span> <span class='ocrx_word' id='word_1_152' title='bbox 638 3140 825 3208; x_wconf 73' lang='lat' dir='ltr'><strong>conceditur</strong></span> <span class='ocrx_word' id='word_1_153' title='bbox 837 3141 970 3211; x_wconf 86' lang='lat' dir='ltr'><strong>marito:</strong></span> 
     </span>
    </p>

    <p class='ocr_par' dir='ltr' id='par_1_8' title="bbox 302 3246 1241 3335">
     <span class='ocr_line' id='line_1_28' title="bbox 302 3246 1241 3335; baseline -0.001 -21"><span class='ocrx_word' id='word_1_154' title='bbox 302 3247 337 3314; x_wconf 82' lang='lat'><strong>1⁰</strong></span> <span class='ocrx_word' id='word_1_155' title='bbox 354 3250 391 3314; x_wconf 92' lang='lat' dir='ltr'><strong>ln</strong></span> <span class='ocrx_word' id='word_1_156' title='bbox 401 3248 486 3312; x_wconf 91' lang='lat' dir='ltr'><strong>bona</strong></span> <span class='ocrx_word' id='word_1_157' title='bbox 503 3247 687 3314; x_wconf 81' lang='lat' dir='ltr'><strong>eommunia</strong></span> <span class='ocrx_word' id='word_1_158' title='bbox 704 3259 736 3314; x_wconf 83' lang='lat' dir='ltr'><strong>et</strong></span> <span class='ocrx_word' id='word_1_159' title='bbox 747 3247 878 3328; x_wconf 88' lang='lat' dir='ltr'><strong>dotalia,</strong></span> <span class='ocrx_word' id='word_1_160' title='bbox 898 3248 952 3335; x_wconf 84' lang='lat' dir='ltr'><strong>jos</strong></span> <span class='ocrx_word' id='word_1_161' title='bbox 977 3246 1179 3329; x_wconf 81' lang='lat' dir='ltr'><strong>usuiruetias,</strong></span> <span class='ocrx_word' id='word_1_162' title='bbox 1200 3247 1241 3314; x_wconf 90' lang='lat' dir='ltr'><strong>ad</strong></span> 
     </span>
    </p>
   </div>
   <div class='ocr_carea' id='block_1_5' title="bbox 1 3329 1018 3447">
    <p class='ocr_par' dir='ltr' id='par_1_9' title="bbox 1 3329 1018 3457">
     <span class='ocr_line' id='line_1_29' title="bbox 1 3329 1018 3447; baseline -0.005 -24"><span class='ocrx_word' id='word_1_163' title='bbox 1 3329 55 3447; x_wconf 70' lang='lat' dir='ltr'><strong>{f</strong></span> <span class='ocrx_word' id='word_1_164' title='bbox 194 3385 197 3388; x_wconf 96' lang='lat'>·</span> <span class='ocrx_word' id='word_1_165' title='bbox 253 3353 517 3436; x_wconf 44' lang='lat' dir='ltr'><strong>,subveniendum</strong></span> <span class='ocrx_word' id='word_1_166' title='bbox 533 3353 752 3422; x_wconf 85' lang='lat' dir='ltr'><strong>nenessatihus</strong></span> <span class='ocrx_word' id='word_1_167' title='bbox 763 3352 1018 3422; x_wconf 77' lang='lat' dir='ltr'><strong>communitatis.</strong></span> 
     </span>
    </p>
   </div>
   <div class='ocr_carea' id='block_1_6' title="bbox 207 3455 1246 3766">
    <p class='ocr_par' dir='ltr' id='par_1_10' title="bbox 207 3455 1246 3766">
     <span class='ocr_line' id='line_1_30' title="bbox 207 3455 1234 3547; baseline 0.007 -23"><span class='ocrx_word' id='word_1_168' title='bbox 207 3455 209 3462; x_wconf 76' lang='grc'>’</span> <span class='ocrx_word' id='word_1_169' title='bbox 229 3468 232 3476; x_wconf 78' lang='grc'>’</span> <span class='ocrx_word' id='word_1_170' title='bbox 265 3491 269 3498; x_wconf 85' lang='lat'>·</span> <span class='ocrx_word' id='word_1_171' title='bbox 304 3457 341 3524; x_wconf 70' lang='lat'><strong>20</strong></span> <span class='ocrx_word' id='word_1_172' title='bbox 357 3463 393 3526; x_wconf 91' lang='lat' dir='ltr'><strong>ln</strong></span> <span class='ocrx_word' id='word_1_173' title='bbox 406 3461 490 3528; x_wconf 88' lang='lat' dir='ltr'><strong>hona</strong></span> <span class='ocrx_word' id='word_1_174' title='bbox 508 3459 638 3537; x_wconf 72' lang='lat' dir='ltr'><strong>dotalia,</strong></span> <span class='ocrx_word' id='word_1_175' title='bbox 652 3461 707 3547; x_wconf 68' lang='lat' dir='ltr'><strong>¹ius</strong></span> <span class='ocrx_word' id='word_1_176' title='bbox 721 3459 1006 3530; x_wconf 82' lang='lat' dir='ltr'><strong>administrationis</strong></span> <span class='ocrx_word' id='word_1_177' title='bbox 1019 3458 1234 3546; x_wconf 68' lang='lat' dir='ltr'><strong>simplicia-.-</strong></span> 
     </span>
     <span class='ocr_line' id='line_1_31' title="bbox 258 3562 1242 3655; baseline 0 -25"><span class='ocrx_word' id='word_1_178' title='bbox 258 3567 292 3630; x_wconf 87' lang='lat' dir='ltr'><strong>la</strong></span> <span class='ocrx_word' id='word_1_179' title='bbox 303 3565 387 3630; x_wconf 90' lang='lat' dir='ltr'><strong>bona</strong></span> <span class='ocrx_word' id='word_1_180' title='bbox 401 3567 597 3644; x_wconf 84' lang='lat' dir='ltr'><strong>eommunia,</strong></span> <span class='ocrx_word' id='word_1_181' title='bbox 606 3565 661 3652; x_wconf 82' lang='lat' dir='ltr'><strong>jus</strong></span> <span class='ocrx_word' id='word_1_182' title='bbox 670 3565 971 3645; x_wconf 76' lang='lat' dir='ltr'><strong>administrationis,</strong></span> <span class='ocrx_word' id='word_1_183' title='bbox 982 3565 1012 3632; x_wconf 85' lang='lat' dir='ltr'><strong>vi</strong></span> <span class='ocrx_word' id='word_1_184' title='bbox 1023 3562 1118 3651; x_wconf 86' lang='lat' dir='ltr'><strong>eujus</strong></span> <span class='ocrx_word' id='word_1_185' title='bbox 1126 3578 1242 3655; x_wconf 83' lang='lat' dir='ltr'><strong>potast,</strong></span> 
     </span>
     <span class='ocr_line' id='line_1_32' title="bbox 260 3668 1246 3766; baseline 0.006 -34"><span class='ocrx_word' id='word_1_186' title='bbox 260 3668 338 3753; x_wconf 81' lang='lat' dir='ltr'><strong>quin</strong></span> <span class='ocrx_word' id='word_1_187' title='bbox 355 3668 511 3766; x_wconf 80' lang='lat' dir='ltr'><strong>ratipnom</strong></span> <span class='ocrx_word' id='word_1_188' title='bbox 529 3669 665 3736; x_wconf 80' lang='lat' dir='ltr'><strong>reddere</strong></span> <span class='ocrx_word' id='word_1_189' title='bbox 677 3683 832 3754; x_wconf 82' lang='lat' dir='ltr'><strong>teneatur,</strong></span> <span class='ocrx_word' id='word_1_190' title='bbox 850 3674 933 3740; x_wconf 84' lang='lat' dir='ltr'><strong>hona</strong></span> <span class='ocrx_word' id='word_1_191' title='bbox 951 3671 1137 3742; x_wconf 81' lang='lat' dir='ltr'><strong>communia</strong></span> <span class='ocrx_word' id='word_1_192' title='bbox 1150 3674 1246 3742; x_wconf 84' lang='lat' dir='ltr'><strong>etiam</strong></span> 
     </span>
    </p>
   </div>
   <div class='ocr_carea' id='block_1_7' title="bbox 0 122 1362 4164">
    <p class='ocr_par' dir='ltr' id='par_1_11' title="bbox 0 122 1362 4164">
     <span class='ocr_line' id='line_1_33' title="bbox 0 122 1362 4164; baseline 0 0"><span class='ocrx_word' id='word_1_193' title='bbox 0 122 1362 4164; x_wconf 95' lang='lat' dir='ltr'><strong> </strong></span> 
     </span>
    </p>
   </div>
  </div>
 </body>
</html>
