2616 3982
607 186 805 252 -5ot-

215 341 444 405 tusonerosus,
456 327 508 398 cui
519 323 607 392 dedit
622 343 753 394 causant
764 323 932 412 positivam
941 337 1048 394 metus
1060 328 1196 416 injustus

214 435 391 500 incussust
408 430 685 509 cocontrehente,
700 431 781 496 velt
798 431 893 498 tertid
908 441 1066 520 persone.
1153 505 1156 512 Δ

260 539 345 624 Lege
359 537 496 614 naturali
509 537 681 606 :dationes
697 548 729 604 et
744 535 972 623 explicationes
988 540 1116 612 caedem
1127 555 1196 618 sunt

217 667 254 712 ec
270 649 380 733 supra.
916 702 924 716 ,
1128 707 1133 714 ,
1179 697 1184 726 ;

165 815 169 824 ,
262 751 345 836 Lege
360 749 463 816 cirili:
490 749 562 816 Vid.
585 759 647 817 art.
663 746 745 814 1111
764 746 1195 837 (l).-—Resciudibilitosiu

218 857 417 932 casumetds
437 850 559 918 incussi
576 857 595 916 d
611 850 703 918 tertia
719 855 856 938 persono
876 851 979 918 oritur
996 853 1160 942 praecipue
1179 862 1195 928 1
1296 875 1297 884 ’

215 955 455 1044 jurepesitivo.

263 1065 308 1129 ΙΙ.
328 1064 410 1150 che
425 1065 514 1132 civili
529 1067 672 1132 lontrim:

182 1219 188 1225 .
231 1229 236 1234 .
262 1171 349 1250 lrriti
364 1170 569 1241 declarantur
592 1170 786 1256 generaliter
805 1183 988 1248 contractus
1015 1172 1186 1252 minorum,

218 1297 369 1356 uxorum,
388 1277 644 1356 interdictorum,
662 1275 885 1364 subjectorum
901 1277 1037 1352 consilio
1054 1279 1198 1351 familis.

186 1469 191 1474 ἡ
219 1384 284 1448 Sed
298 1384 356 1450 istn
381 1384 512 1450 auilites
526 1404 591 1450 non
608 1389 655 1449 est
675 1382 881 1467 intelligenda
899 1384 931 1448 in
952 1404 1052 1456 scnett
1071 1387 1198 1464 stricto„

219 1510 256 1554 cx
272 1490 436 1578 principiis
450 1494 548 1578 supra
569 1488 719 1576 expositis
734 1496 937 1568 etconsensu
954 1489 1189 1578 theologorum.

218 1595 386 1679 Siquidem
402 1593 576 1661 instituitur
600 1594 785 1668 immediate
805 1595 837 1660 in
858 1594 1027 1665 utilitatem
1048 1618 1193 1682 persona·
1296 1663 1297 1690 χ

219 1701 517 1786 rumprivatarum
541 1701 706 1768 reducitur
726 1720 803 1784 ergo
822 1700 862 1765 nd
886 1700 1189 1778 rescindibilimtem.
1296 1699 1297 1786 ᾗ

266 1807 301 1874 10
315 1806 512 1874 Generaliter
524 1805 701 1891 loquendo,
716 1805 938 1882 rescindibiles
954 1819 1045 1886 sunt,
1062 1809 1193 1894 quitus-

222 1914 297 1988 dam
318 1912 468 2000 exceptis,
487 1916 669 1980 contractus
684 1909 818 1978 mineris
839 1912 870 1988 in
886 1912 1008 1999 ¹quibus
1019 1905 1194 1994 minquae·

221 2039 276 2084 sus
292 2031 402 2088 est„
491 2067 548 2094 .,
779 2036 781 2042 ’
1049 2091 1053 2098 ,
1178 2069 1183 2098 ,.

264 2121 496 2189 Rescindibiles
512 2133 587 2196 sunt
606 2123 638 2190 in
663 2123 1011 2194 loroconsoientiaez...
1030 2124 1194 2212 Siquidem
1295 2129 1296 2164 ³

221 2247 338 2312 scupus
353 2227 433 2312 legis
458 2235 506 2298 est
526 2250 716 2304 succurrere
736 2231 891 2299 debilitati
907 2243 938 2297 et
958 2229 1193 2318 inexperientiae

189 2379 195 2393 r
221 2333 384 2404 minorum
398 2355 527 2420 ;p0rro
552 2335 782 2422 insufficienter
805 2338 1005 2416 obtineretur
1028 2335 1100 2416 linis
1119 2350 1201 2418 erge.

221 2435 362 2503 minores
379 2437 511 2524 probos,
529 2439 555 2504 si
574 2439 605 2504 in
622 2438 692 2504 sono
707 2439 911 2524 conscientie>
923 2448 1192 2528 contractusprte-

165 2539 170 2546 ’
223 2543 299 2610 dicti
314 2563 380 2610 nen
397 2556 505 2612 essent
520 2544 755 2616 rescindilriles.

268 2649 456 2729 Contractus
473 2651 506 2717 in
524 2651 643 2737 quibus
666 2650 773 2719 minor
800 2650 896 2719 laesus
917 2658 984 2718 est:
1004 2651 1192 2736 Siquidem,
1294 2677 1295 2704 r

222 2764 258 2818 ut
272 2751 344 2819 finis
367 2753 454 2843 legis¹
464 2753 658 2832 obtineatur,
676 2752 794 2839 sufficit
809 2752 1055 2836 rescindihilitas
1073 2753 1107 2818 in
1121 2769 1194 2823 casu

221 2857 375 2924 laesionis.
393 2855 489 2928 Unde
505 2859 629 2926 axioma
639 2860 853 2927 communiter
862 2870 1048 2946 receptum:
1066 2858 1193 2922 «tricor
1294 2849 1295 2874 ³

221 2965 412 3044 restituitur,
431 2986 497 3030 non
508 2976 543 3030 ot
557 2965 679 3043 minor,
696 2966 755 3040 red
768 2976 804 3030 ut
817 2967 964 3032 lesnes

267 3069 470 3154 Quibusdam
487 3072 642 3158 exeeptis:
659 3070 1032 3138 Irrescindibilesautem
1050 3081 1127 3136 sunt
1142 3069 1195 3134 mi·

254 3273 288 3336 (1)
303 3274 366 3323 ilar.
385 3274 458 3324 llll.
474 3274 508 3322 La
529 3271 644 3324 violence
657 3273 764 3327 exerceo
778 3280 867 3346 contre
887 3275 952 3340 celui
972 3274 1044 3338 quin
1068 3269 1194 3340 constructo

221 3355 377 3418 lfiobligntion
400 3361 439 3406 est
453 3369 502 3406 uno
516 3369 593 3408 cause
606 3357 640 3408 de
653 3356 751 3420 nuilite,
767 3371 860 3408 encore
880 3357 972 3420 qu'elle
986 3357 1022 3406 ait
1035 3355 1077 3405 dte
1091 3352 1194 3409 exercit·

221 3447 267 3493 pur
281 3449 314 3482 un
328 3436 391 3486 tiens
405 3443 476 3512 autre
502 3453 552 3501 quc
567 3440 633 3490 celui
653 3454 685 3489 au
697 3440 774 3503 proiit
797 3439 891 3502 doqucl
904 3437 928 3489 ln
943 3439 1096 3491 coutentiou
1121 3433 1193 3488 aee

221 3513 291 3558 ttrite.
