2622 3976
612 217 812 290 -939-

229 362 383 431 damnum
399 381 568 446 emergens
593 374 667 428 ante
685 373 836 428 mortem.
857 357 903 426 Ad
927 351 1005 426 nitu
1017 343 1163 432 ‘tenetur
1177 363 1215 430 ad

229 468 505 558 compensandum
519 465 724 536 amissionem
741 465 826 532 vitae.

273 576 311 642 9ο
325 575 403 660 Erga
420 573 579 653 haeredes,
594 573 660 640 sive
672 573 882 651 necessarios,
893 570 1170 640 sivcvoluntarios
1185 586 1194 639 ‘z

275 682 312 747 tt.
330 680 487 764 Quaedam
498 692 595 758 certa,
610 677 759 766 quaedam
769 689 985 770 controversa.

274 787 378 852 Certa.
399 786 430 850 ι.
450 781 614 851 Homicida
645 795 771 852 tenetur
802 801 1013 871 compensare
1046 782 1209 871 impensas
1298 837 1299 840 ,

230 891 348 970 morbi,
367 890 494 958 lucrum
511 910 653 968 cessans,
673 889 826 956 damnum
843 905 1013 974 emergens
1035 901 1113 956 ante
1129 908 1206 956 mor·

231 1011 317 1075 tem3
338 997 363 1064 si
380 993 544 1064 vulnerato
557 997 625 1084 jam
641 1012 707 1062 non
731 995 915 1064 restituerit.
934 995 1089 1061 Haeredes
1110 997 1203 1073 enim,
1298 1049 1299 1084 3

230 1104 296 1171 siva
310 1101 492 1182 necessarii,
512 1102 577 1169 sive
589 1101 772 1181 voluntarii,
788 1101 967 1168 succedunt
990 1099 1166 1166 omnibus'
1152 1121 1198 1186 Ju-

231 1206 549 1296 ribusdeiunetijam
562 1207 737 1298 acquisitis
755 1205 887 1276 Porro
874 1227 949 1292 Jura
970 1205 1123 1330 praedicta
1137 1216 1205 1273 sunt

233 1312 386 1412 acquisita
402 1309 554 1378 defuncto
568 1322 642 1377 ante
657 1320 808 1376 mortem.

278 1416 312 1481 9
327 1415 406 1498 Erga
418 1413 565 1480 heoredes
575 1431 771 1482 necessarios
781 1423 907 1478 tenetur
919 1429 1053 1500 msuper
1065 1430 1210 1502 compen-

234 1541 305 1590 sare
321 1520 448 1585 lucrum
469 1538 612 1596 cessans,
635 1518 791 1614 damnum
804 1535 972 1602 emergens
993 1537 1031 1583 ex
1044 1523 1211 1602 mortese-

235 1623 377 1713 quentin,
397 1623 485 1710 Juxta
507 1623 648 1691 valorem
665 1625 733 1712 spei
754 1621 950 1690 haereditatis
958 1623 1215 1720 pinguioris*

235 1727 479 1798 Juxtaralorcm
503 1731 592 1819 spei.
615 1729 780 1796 Homicida
797 1729 901 1796 eninr·
909 1726 1038 1816 privarit
1063 1715 1212 1794 Acer-edes

120 1836 125 1844 “
235 1854 292 1926 spe
304 1836 536 1906 taeredttans
505 1856 694 1935 prugurons,
706 1855 771 1904 non
787 1841 865 1902 vero
880 1831 1079 1900 haereditate
1072 1840 1155 1920 apsa
1168 1823 1215 1900 Ad

236 1943 513 2012 determinandam
534 1959 611 2028 ergo
635 1941 845 2008 restitutionis
872 1929 1083 2027 quantitatem
1107 1951 1212 2006 atten-

237 2047 380 2114 dendum
397 2058 445 2112 est
460 2045 500 2112 ad
517 2063 631 2112 omnes
648 2043 901 2122 circumstantias
914 2040 1116 2140 probabiies,
1140 2063 1214 2130 quae

237 2152 455 2220 immeditatem
481 2149 601 2236 augere
621 2163 676 2218 aut
702 2151 849 2226 minuere
875 2150 1067 2245 potuissent.
1090 2149 1216 2217 uernat

238 2266 370 2340 possunt
394 2253 547 2341 impensae
571 2273 651 2341 quas
670 2253 798 2322 iecisset
826 2253 1027 2330 destructores
1048 2264 1099 2331 et,
1128 2251 1216 2340 juxta

238 2359 416 2446 quosdam,
424 2359 511 2446 quod
528 2360 653 2426 occisus
666 2358 871 2449 praesumitur
888 2337 1021 2428 deutrus
1032 2357 1141 2426 t‘uisse
1160 2379 1215 2488 pro

240 2461 461 2548 redemptione
477 2461 634 2548 ῑιιιιοιιι.Ι

197 2553 200 2558 ’
285 2563 538 2632 Controvertitur
553 2541 661 2632 autem
679 2569 786 2633 utrdm
800 2563 960 2632 homicida
979 2576 1219 2644 teneatureont-

240 2691 375 2764 pensare
398 2669 526 2762 ictorum
540 2691 681 2751 cessans,
700 2669 856 2756 damnum
872 2691 1041 2756 emergens
1061 2691 1105 2746 ex!
1117 2681 1218 2757 morte

239 2792 313 2866 erga
331 2775 476 2850 haeredes
488 2776 999 2862 voluntarios.-·-Aliiaffirmant,¹
1017 2775 1070 2844 alii
1085 2789 1218 2860 negant.
1298 2809 1299 2878 p

240 2881 282 2948 Ex
303 2882 395 2948 dietis
413 2889 511 2970 supra
526 2883 560 2949 in
580 2883 688 2973 prima
714 2881 906 2970 quaestione,
934 2881 1043 2970 opinio
1059 2879 1223 2956 affirmans
1298 2881 1299 2946 i

242 3000 289 3058 est
300 2987 440 3082 theoriod
450 2988 660 3081 probabilior.
674 2989 879 3080 (inminutam
890 2989 1005 3076 opinio
1023 3007 1146 3076 negans
1170 2986 1220 3055 ad-

242 3093 385 3158 mittatur
400 3096 416 3158 t
433 3092 580 3180 pluribus
598 3093 755 3178 theologis
776 3117 839 3160 non
864 3095 984 3161 infimae
998 3107 1095 3182 note,
1120 3090 1219 3182 appii·

242 3200 342 3265 canda
355 3199 592 3286 suntprineipia
612 3199 726 3266 reflexa
741 3200 816 3274 huie
832 3201 1017 3301 quaestioni..

231 3307 238 3320 ”
288 3303 324 3368 5⁰
340 3304 417 3386 Erga
434 3296 610 3372 creditores
624 3303 785 3378 defuncti:
898 3315 903 3321 ’

266 3412 325 3472 tt.
339 3409 547 3495 Dernpustrtra
558 3409 811 3496 Aomrcrdaeerga
821 3411 996 3478 creditores
1007 3430 1101 3475 oecrsr
1094 3406 1223 3494 triplex

246 3523 291 3572 est
305 3511 424 3592 opinio,
444 3513 642 3580 uttidimus
635 3538 665 3581 ιιι
679 3517 781 3604 primis
795 3519 987 3604 quaesttone.
990 3511 1117 3616 Rigori
1136 3511 1222 3600 prin
