2622 3976
600 266 800 332 *rsa-

214 405 274 471 tria
299 413 508 489 quaeruntur:
537 404 567 470 l.
594 403 705 470 uuam
730 405 769 469 sit
790 403 948 490 injustum
966 403 1195 486 materialiter-3

215 507 301 576 an
322 507 491 597 hypothesi
508 507 708 586 affirmativa,
735 508 942 594 quandonam
966 509 1006 574 sit
1036 509 1198 594 injustum
1288 494 1292 501 ’

214 611 402 708 formaliter,
421 613 556 703 proinde
567 613 713 698 obligans
724 612 764 678 ad
779 612 1024 690 restitutionem
1040 613 1072 678 5.
1082 615 1123 692 ln
1135 615 1199 700 lry-

214 717 339 804 pothesi
355 719 570 812 obligationis,
589 717 670 806 quid
686 717 955 784 restituendumt
1048 735 1051 741 “

259 823 298 888 2⁰
317 822 362 889 dd
389 823 575 892 soluendam
601 823 812 910 quaestionem
839 821 1001 908 injustitiae
1027 822 1194 904 formalis,

215 927 446 994 attendendum
462 939 511 994 eat
529 931 638 994 utrium
655 947 752 1012 agens
769 927 809 993 sit
825 927 919 992 honae
920 927 1048 1006 ,malea
1068 930 1198 995 autdu-

214 1030 276 1096 biae
290 1029 378 1098 lidei.
382 1032 480 1100 -list
490 1033 584 1098 bonae
595 1030 704 1098 lidei
679 1053 705 1098 ει
718 1031 856 1135 praedae
869 1043 900 1097 et
913 1032 1091 1119 prudenter
1103 1031 1196 1120 judi

214 1146 305 1201 eetse
313 1135 497 1222 iushabere
512 1138 553 1204 ad
568 1149 674 1204 aetum
687 1158 804 1215 suum;
821 1137 914 1202 malae
933 1137 1055 1216 fidei,
1030 1159 1056 1203 si
1070 1139 1193 1224 judicet

213 1237 309 1328 sejus
322 1266 387 1312 nun
402 1244 548 1323 habere3
566 1243 723 1321 dubiae,
698 1265 724 1310 ar
738 1242 862 1312 dubitat
875 1247 997 1310 utrum
991 1243 1045 1330 jus
1063 1244 1186 1311 lrabeat.

215 1352 328 1437 -Qui
348 1364 396 1418 est
410 1351 442 1418 in
463 1351 549 1416 bona
565 1350 629 1416 fide
653 1352 820 1435 nunquam
842 1361 889 1415 est
905 1348 1082 1415 formaliter
1099 1350 1192 1438 injus·

216 1473 280 1538 tus,
305 1453 490 1546 injustitiam
516 1457 601 1524 enirn
626 1475 691 1522 non
711 1453 810 1520 uoluit
833 1453 946 1519 libere.
969 1443 1041 1536 Qui
1055 1455 1087 1520 in
1111 1457 1194 1521 mala

215 1563 293 1642 tide,
311 1562 551 1650 positdaliunde
567 1559 720 1646 injustitia
737 1551 907 1635 materiali,
927 1570 974 1625 est
995 1579 1125 1648 semper
1145 1556 1206 1626 ἰιι-Δ

213 1668 320 1756 justus
336 1666 528 1746 formaliter3
547 1665 622 1752 quia
633 1663 832 1731 vult'direotd
849 1676 904 1729 aut
921 1663 1074 1730 indirecte
1090 1664 1193 1751 injus-

217 1771 318 1838 titiam
344 1771 554 1838 materialem.
574 1770 638 1853 Qui
663 1770 697 1835 in
717 1768 818 1836 dubia
834 1767 910 1847 fide,
936 1768 1069 1857 practice
1092 1789 1192 1854 repu-

217 1876 333 1944 tandus
361 1888 409 1943 est
429 1874 607 1943 formaliter
634 1873 791 1962 injustus,
811 1873 837 1939 si
855 1873 992 1940 dubium
1017 1872 1194 1960 prudenter

217 1982 349 2050 solvitur
372 1982 555 2066 ingratiam
572 1980 672 2066 legis3
692 1979 755 2045 no'n
775 1983 863 2059 vero,
882 1979 908 2044 si
925 1979 1058 2044 solvitur
1078 1979 1110 2044 in
1127 1999 1196 2066 gra-

216 2089 291 2156 tiam
308 2087 474 2155 libertatia.
837 2169 840 2174 ,
893 2169 897 2174 .

262 2200 298 2264 5⁰
323 2199 357 2266 ln
382 2199 614 2286 quaestionibus
634 2197 694 2264 sub
716 2198 807 2264 titulo
830 2197 981 2286 praesenti
1006 2197 1192 2277 tractandis,

216 2303 428 2390 supponimus
448 2325 577 2394 semper
590 2305 641 2392 jus
669 2304 801 2370 laesum
798 2324 868 2370 esse
891 2303 1047 2369 strictum.
1050 2303 1195 2432 Quilius

217 2408 340 2494 positis

588 2585 816 2670 suricuiusr.
852 2591 854 2594 ’

404 2859 408 2862 ¹
535 2777 584 2840 De
600 2777 700 2842 causti
716 2775 860 2852 Direetd.
931 2847 934 2850 ,

264 2951 370 3018 Causa
396 2952 544 3030 firnata,
565 2964 600 3016 ut
621 2949 688 3038 jam
712 2949 869 3027 diximus,
894 2962 941 3014 est
966 2961 1055 3013 aetus
1080 2938 1199 3012 natura*

215 3062 273 3121 sua
290 3058 423 3123 tendens
440 3057 480 3124 ad
497 3057 652 3123 damnum
668 3055 810 3121 alterius.
822 3053 981 3119 -Potest
998 3053 1195 3119 esseimme-

112 3151 114 3158 '
216 3161 312 3240 diata,
328 3162 377 3227 vel
394 3162 543 3241 mediata,
562 3161 610 3227 vel
634 3159 897 3232 instrumentalis.

329 3422 332 3430 ,
426 3345 980 3442 5hassaussnmaswunspnrr.
1021 3429 1024 3434 Ἴ
1063 3401 1065 3406 .

263 3481 370 3548 Canae
389 3483 576 3549 immediato
601 3498 648 3550 est
672 3496 760 3550 aetus
782 3491 895 3550 natura
922 3490 980 3550 sua
1009 3483 1195 3569 producens

217 3582 371 3647 damnum
388 3587 509 3658 absone
525 3590 727 3662 intermedio.
